3124 4682
813 294 856 360 46

254 490 416 568 quicquam
445 505 564 558 eorum,
595 504 671 566 quae
699 487 831 546 tacturus
859 492 954 572 esset,
984 502 1051 546 cum
1081 486 1144 564 ipsa
1174 487 1422 546 communicaret.

255 589 308 650 Cui
331 589 457 668 Iupiter:
491 589 553 650 noli
580 605 718 666 sperare,
747 595 776 648 te
804 587 902 647 omnia
930 585 1051 646 consilia
1078 604 1144 646 mea
1174 587 1315 646 scituram
1338 605 1422 656 esse;

254 709 329 770 quae
352 691 456 750 audire
486 697 515 750 te
544 689 646 760 decet,
675 707 710 750 ea
738 707 827 748 nemo
850 696 899 749 ant
927 688 1049 749 deorum
1078 694 1128 748 aut
1154 687 1307 748 hominum
1335 691 1424 767 prius

253 809 342 871 quam
364 798 398 851 tu
420 801 593 870 cognoscet;
618 798 648 852 at
669 809 745 870 quae
764 807 826 867 ego
842 790 914 850 deos
929 791 1021 852 colata
1044 788 1125 859 volo,
1154 787 1196 868 μή
1210 808 1242 850 τι
1263 787 1299 852 εὐ
1321 791 1424 852 ταῦτα

253 889 367 954 ἕκαιτα
389 890 505 970 διείρεο
527 893 606 973 μηδὲ
622 889 762 972 μετάλλα
785 889 822 971 (ν.
837 887 922 972 550).
958 892 1019 952 lam
1042 910 1113 952 vero
1135 891 1186 972 qui
1207 890 1422 962 observaverit,

253 996 278 1054 si
300 995 352 1074 qui
373 995 450 1072 apud
473 997 603 1074 tragicos
623 1002 728 1074 poetas
750 993 929 1054 altercantes
952 993 1146 1064 inducantur,
1171 1011 1222 1054 eos
1245 1011 1303 1071 quo
1325 995 1423 1072 magis

254 1098 294 1157 sit
324 1097 457 1158 aculeata
485 1097 594 1166 oratio,
629 1097 733 1156 eadem
769 1095 885 1156 dicendi
918 1097 1029 1168 torma,
1064 1114 1122 1175 qua
1158 1095 1233 1156 alter
1261 1115 1333 1162 usus
1371 1099 1422 1166 sit,

253 1193 490 1278 respondere33),
520 1197 675 1276 intelleget
701 1197 846 1258 lunonem
875 1197 1129 1276 indignabundam
1157 1198 1214 1258 alio
1243 1196 1331 1258 modo
1359 1217 1423 1258 non

253 1317 340 1378 posse
363 1301 561 1379 respondere,
592 1317 680 1378 quam
703 1306 736 1361 ut
756 1299 832 1360 lovis
855 1298 946 1360 verba
975 1317 1043 1360 cum
1070 1299 1232 1360 acerbitate
1256 1301 1422 1360 accuratis-

254 1403 328 1462 sime
351 1404 478 1480 repetita
506 1402 538 1461 in
566 1419 634 1462 eum
662 1408 844 1481 retorqueat.
890 1401 974 1462 [licat
996 1402 1086 1480 igitur
1108 1409 1243 1479 oportet:
1275 1399 1326 1462 καὶ
1348 1397 1423 1478 λίην

253 1521 285 1565 ιε
308 1501 412 1580 πάροε
434 1501 470 1576 γ’
492 1500 562 1565 οὐκ
584 1499 710 1580 εἴρομαι
732 1500 827 1565 οὐδὲ
850 1503 1005 1582 μεταλλῶ.

204 1603 245 1668 12
339 1601 436 1666 Τ41.
482 1604 585 1664 Thetis
606 1611 761 1684 postquam
789 1604 850 1665 lilio
873 1623 953 1664 arma
977 1623 993 1664 a
1016 1603 1145 1666 Vulcano
1174 1606 1252 1666 lacta
1280 1603 1363 1666 dedit
1390 1611 1425 1664 et

253 1709 394 1786 promisit
416 1725 447 1766 se
470 1701 658 1776 effecturam,
689 1713 781 1766 utne
804 1705 934 1766 Patrocli
956 1723 1065 1783 corpus
1087 1713 1256 1783 putrescat,
1280 1707 1423 1766 adhorta·

141 1869 142 1873 ,
252 1815 301 1868 tur
324 1807 483 1877 Achillem,
507 1815 540 1867 ut
562 1808 740 1868 Achivorum
771 1809 908 1868 contione
931 1815 1088 1868 convocata
1118 1807 1192 1868 iram
1215 1827 1246 1868 se
1270 1809 1423 1884 deponere

253 1909 397 1970 fateatur:
421 1907 505 1972 ἀλλὰ
528 1905 563 1972 εὐ
578 1907 615 1983 γ’
637 1906 681 1972 εἰ(
703 1907 827 1986 ἀγορὴν
849 1907 983 1971 volito(
1004 1905 1112 1984 ἥρωα(
1134 1901 1297 1990 Ἀχαιούε,
1326 1910 1423 1986 μῆνιν

253 2007 420 2074 ἀποειπὼν
443 2009 652 2090 Ἀγαμέμνονι
740 2009 773 2074 ἐι
795 2009 938 2088 πόλεμον
962 2007 1132 2087 θωρήεεεο.
1167 2011 1297 2072 Achilles
1320 2013 1424 2072 statim

255 2115 341 2174 matri
364 2113 557 2193 obsequitur:
1384 2135 1386 2140 ’

205 2253 209 2257 -
295 2212 339 2276 40
381 2213 482 2292 αὐτὰρ
505 2213 524 2276 ὁ
548 2217 585 2294 βῆ
609 2213 696 2292 παρὰ
719 2215 793 2277 θῖνα
814 2212 969 2290 θαλάειηε
991 2214 1062 2276 δῖοι
1083 2211 1245 2291 Ἀχιλλεὺς

382 2315 558 2393 εμερδαλέοι
580 2313 694 2394 ἰάχων,
718 2313 819 2392 ὤριεν
843 2315 875 2378 δ’
896 2313 1027 2392 ἥρωα(
1049 2312 1205 2392 Ἀχαιούς.

254 2417 353 2478 Schol.
397 2415 541 2495 ἥρωαε·
564 2417 644 2494 παρ’
667 2414 885 2496 Ἀριετοφάνει
901 2415 951 2478 καὶ
966 2415 1082 2498 Ῥιανῷ
1098 2415 1267 2494 ἐρίηρας.
1283 2418 1314 2477 Α.
1336 2415 1424 2480 τινὲς

252 2518 329 2582 τοὺε
353 2520 489 2597 dorilei(
511 2519 580 2582 νῦν.
605 2519 637 2578 V.
668 2518 724 2588 Qui
748 2520 890 2597 deinceps
913 2526 1078 2598 sequuntur
1101 2537 1203 2578 versus
1226 2536 1284 2578 non
1307 2521 1424 2595 princi-

253 2639 306 2698 pes
329 2621 434 2690 modo,
458 2621 508 2680 sod
533 2628 656 2680 cunctos
678 2621 804 2680 Achivos
826 2621 1044 2698 intellegendos
1067 2637 1131 2680 esse
1155 2619 1321 2690 declarant,
1352 2640 1423 2682 nam

253 2723 342 2782 etiam
371 2723 558 2801 κυβερνῆται
586 2731 615 2783 et
642 2720 747 2800 ταμίαι
779 2725 809 2784 in
840 2725 1008 2783 contionem
1037 2729 1119 2782 eunt.
1164 2725 1185 2782 Α
1214 2722 1325 2802 quibus
1352 2741 1422 2783 cum

254 2824 380 2884 alienam
409 2843 475 2884 esse
502 2832 621 2902 putaret
648 2825 841 2886 honorificam
869 2823 988 2901 ἡρώων
1017 2823 1257 2903 appellationem,
1286 2824 1423 2884 lllrianus

252 2925 332 2986 hunc
348 2925 445 2986 locum
461 2928 595 2996 mutavit,
614 2934 645 2986 ut
667 2927 801 2988 videatur
816 2927 886 2986 lstri
903 2926 1091 2986 Callimachei
1106 2925 1276 3004 opinionem
1300 2933 1421 2988 secutus

253 3046 328 3097 esse,
344 3046 432 3107 quern
449 3035 549 3108 postea
564 3029 753 3089 Aristarchus
767 3029 933 3088 rectissime
950 3029 1091 3088 refutavit
1106 3027 1242 3088 versibus
1257 3027 1303 3086 bis
1316 3023 1420 3088 5110.

253 3129 285 3191 Μ
311 3125 381 3190 165.
413 3125 533 3192 ot629.
564 3127 589 3190 0
617 3127 694 3201 230,
724 3133 755 3192 in
784 3129 895 3208 quibus
922 3129 1061 3189 omnibus
1090 3130 1145 3189 hoc
1174 3129 1329 3208 epitheton
1360 3147 1420 3188 non

253 3237 366 3291 tantum
390 3231 594 3309 principibus
625 3232 675 3292 sed
699 3231 836 3292 omnibus
864 3227 982 3291 Achivis
1005 3231 1164 3292 tribuitur:
1200 3231 1254 3290 clr.
1278 3229 1421 3290 Lehrsius

254 3333 342 3392 brist.
366 3351 395 3410 p.
421 3330 491 3393 101.
523 3333 585 3393 Ηοο
608 3340 707 3394 autem
730 3334 755 3392 si
777 3335 817 3392 ita
842 3340 901 3401 est,
925 3331 1058 3394 thianus
1081 3340 1131 3392 aut
1153 3332 1208 3391 hos
1230 3350 1334 3392 versus
1356 3349 1420 3391 om·

253 3453 320 3502 nes,
344 3454 419 3514 quos
440 3453 499 3494 non
522 3442 640 3511 poterat
663 3452 724 3494 non
746 3433 841 3510 probe
864 3435 996 3503 novisse,
1020 3436 1204 3512 maximeque
1227 3433 1317 3492 verba
1341 3432 1419 3492 The·

253 3537 322 3596 tidis
345 3555 434 3614 supra
458 3535 544 3596 allata
569 3534 605 3614 (v.
629 3532 680 3613 34)
705 3536 796 3596 simili
819 3537 907 3595 modo
930 3537 1089 3596 mutavisse
1112 3535 1279 3596 censendus
1302 3543 1345 3594 est
1369 3545 1421 3594 aut

253 3637 383 3715 intellegi
406 3640 528 3696 omnino
551 3638 667 3716 nequit,
692 3655 745 3696 cur
768 3635 863 3696 solum
886 3637 966 3697 huno
988 3655 1106 3696 versum
1130 3638 1345 3706 attrectaverit,
1370 3655 1419 3695 ce·

252 3746 333 3798 teros
357 3758 415 3798 non
439 3741 521 3798 item.
567 3739 624 3798 Sed
650 3746 717 3799 utut
739 3739 813 3798 haec
837 3757 868 3798 se
891 3737 1003 3800 habent
1030 3745 1060 3798 et
1088 3756 1265 3818 quamquam
1296 3738 1419 3798 mutatio

253 3843 318 3899 eius
341 3841 523 3918 explodenda
548 3848 608 3910 est,
633 3841 663 3900 id
687 3848 785 3900 tamen
809 3839 957 3901 neminem
986 3841 1094 3918 lugiet,
1124 3842 1154 3900 in
1183 3859 1218 3900 eo
1246 3840 1324 3919 quod
1349 3839 1418 3899 sub·

252 4011 455 4020 ...ι-μ--ι--ι--ι

320 4113 365 4175 33)
383 4107 455 4162 Vido
474 4105 544 4162 ooo.
563 4105 791 4162 Hermannum
810 4106 846 4161 ad
863 4106 957 4178 Eurip.
976 4107 1035 4162 Alc.
1048 4113 1105 4162 oto.
1124 4105 1212 4161 Huius
1230 4105 1272 4161 rei
1290 4105 1420 4177 exemplo

253 4191 320 4246 setis
348 4193 447 4248 crebro
472 4195 549 4261 sunt,
577 4194 609 4246 ut
631 4189 767 4261 Sopho.
791 4191 823 4246 R.
847 4199 895 4247 ott
915 4195 944 4246 et
961 4197 1019 4246 548.
1042 4191 1107 4246 A'nt.
1125 4198 1175 4245 tta
1199 4193 1227 4246 et
1244 4198 1302 4246 443.
1322 4198 1371 4246 522
1390 4199 1420 4246 et

252 4282 302 4331 523
320 4278 355 4332 al.
