3124 4682
758 292 845 386 „56
884 382 902 386 ,,

241 486 430 564 potissimum
454 491 590 561 tempore
607 482 710 542 Thetis
729 481 758 541 id
782 487 1032 560 conquereretur,
1056 481 1135 560 quod
1152 489 1328 544 eventurum
1344 503 1414 544 esse

243 586 353 648 dudum
377 587 525 663 cognovit.
538 580 575 662 ⁴²)

192 681 237 749 20
327 684 353 748 Ω
375 683 446 748 584.
490 686 617 748 Achilles
638 686 750 746 Priami
773 684 931 746 adventum
960 692 1135 766 exspectans
1157 685 1280 748 ancillas
1301 687 1413 748 Hecto-

243 792 287 851 ris
308 807 418 868 corpus
440 796 592 868 turpatum
614 788 713 848 lavare
736 794 765 848 et
787 805 900 865 ungere
930 794 960 848 et
983 805 999 848 e
1026 789 1121 865 patris
1143 796 1305 867 conspectu
1328 809 1413 850 amo-

242 910 313 953 vere
335 890 432 960 iubet,
456 909 494 950 ne
517 893 544 950 is
565 889 619 950 lilii
642 891 742 968 specio
765 895 919 966 permotus
940 889 985 948 ira
1009 889 1198 950 exardescat:

370 991 410 1070 μὴ
432 989 451 1054 ὁ
475 991 532 1070 μὲν
556 989 718 1072 ἀχνυμένῃ
741 987 852 1072 κραδίῃ
875 987 1001 1067 χόλον
1023 987 1083 1052 οὐκ
1105 987 1250 1068 ἐρύεαιτο

369 1095 469 1156 παῖδα
491 1091 585 1174 ἰδών,
609 1091 726 1170 Ἀχιλῆι
749 1089 783 1154 δ’
806 1089 944 1168 ὀρινθείη
968 1089 1067 1170 φίλον
1090 1089 1170 1170 ἦτορ
1232 1143 1235 1149 .

369 1193 420 1259 καί
442 1192 458 1258 ἑ
479 1192 705 1274 κατακτείνειε,
727 1191 809 1256 Διὸτ
831 1191 864 1256 δ’
891 1189 1032 1271 ἀλίτηται
1055 1191 1205 1272 ἐφετμάς.

244 1313 342 1376 Sclrol.
366 1311 493 1378 Ῥιανόε
514 1311 652 1392 κόλον,
676 1309 707 1375 οἱ
728 1311 765 1375 δὲ
786 1309 926 1376 κόπον.
951 1309 1084 1390 ἄμεινον
1105 1313 1141 1376 δὲ
1162 1312 1277 1397 γόον,
1298 1313 1354 1380 ἵνα
1368 1317 1413 1396 μὴ

243 1413 468 1495 suspensurae
490 1411 698 1492 καταράεηται
720 1413 863 1491 Ἀχιλλεῖ.
887 1415 918 1475 V.
956 1413 1039 1484 Quod
1063 1415 1112 1475 hic
1127 1415 1243 1478 Rbiano
1266 1417 1415 1480 tribuitur

243 1517 342 1583 κόλον
365 1537 433 1578 curn
456 1517 611 1578 commodo
627 1517 780 1577 intellectu
801 1533 925 1594 prorsus
945 1516 1120 1577 destitutum
1143 1519 1198 1588 sit,
1222 1519 1259 1580 ab
1282 1539 1318 1581 eo
1339 1539 1414 1601 pro-

243 1622 354 1682 fectum
377 1638 442 1680 esse
465 1621 564 1700 putari
587 1621 705 1699 nequit,
735 1620 914 1696 praesertim
937 1637 1005 1679 curn
1027 1619 1161 1680 codicem
1184 1620 1320 1682 Veliam
1343 1622 1413 1685 aliis

242 1722 317 1783 locis
338 1721 440 1782 multis
462 1723 600 1782 vitiatum
622 1739 687 1782 esse
717 1727 848 1788 constet;
878 1726 1035 1799 praeterea
1064 1723 1153 1782 etiarn
1181 1719 1301 1804 κόπον,
1331 1725 1413 1804 quod

244 1823 296 1884 alii
319 1822 434 1884 dedisse
457 1824 611 1892 teruntur,
640 1823 781 1882 idoneum
805 1821 865 1891 est,
889 1821 967 1902 quod
991 1831 1162 1900 suspectum
1190 1823 1317 1904 habeaS,
1342 1845 1414 1888 narn

243 1943 311 1984 cum
334 1923 411 2001 apud
434 1923 597 1984 Homerum
619 1941 678 1983 non
701 1920 832 2000 legatur,
856 1931 917 1983 tum
941 1942 1012 1983 vero
1034 1922 1210 2004 plerumque
1233 1944 1321 1986 sensu
1343 1945 1414 2006 pas-

244 2028 306 2087 sivo
329 2025 536 2086 lassitudinem
558 2025 686 2094 indicat,
711 2043 770 2084 uno
793 2025 821 2085 in
839 2041 941 2094 versu,
966 2027 1018 2105 qui
1040 2025 1098 2086 huc
1113 2028 1266 2106 pertinere
1282 2027 1413 2100 videtur,

243 2127 348 2188 Aescb.
372 2125 474 2206 Suppl.
500 2146 524 2186 v.
548 2122 612 2187 209
634 2145 758 2186 numero
781 2125 889 2204 plurali
918 2128 955 2187 de
977 2124 1118 2205 plangore
1146 2126 1197 2188 illo
1220 2127 1333 2189 dictum
1356 2139 1413 2200 est,

243 2247 302 2308 quo
326 2225 443 2308 antiqui
464 2229 599 2288 homines
623 2245 789 2288 maerorem
812 2246 897 2288 suurn
928 2228 1086 2306 designare
1110 2229 1253 2290 solebant.
1298 2229 1356 2292 Sed
1380 2241 1415 2293 ut

243 2350 280 2392 en
302 2331 357 2391 hac
380 2331 486 2391 iudicii
509 2330 683 2391 difficultate
711 2348 766 2390 nos
794 2330 1002 2410 expediamus,
1032 2331 1147 2410 reliqua
1175 2349 1250 2412 quae
1273 2331 1415 2395 adhunc

244 2451 362 2494 versum
394 2432 504 2494 tradita
538 2437 607 2492 sunt
638 2430 762 2515 scholia·
782 2433 814 2490 in
843 2431 985 2492 auxilium
1017 2451 1165 2493 vocemus.
1209 2433 1246 2494 Et
1267 2434 1415 2514 Didymus

243 2535 362 2614 quidem
378 2533 541 2594 adnotavit:
566 2529 601 2595 ἕν
617 2551 674 2595 τιει
689 2529 809 2596 κότον
826 2529 865 2595 οὐ
881 2531 1062 2610 κατερύκοι·
1078 2531 1210 2610 ἄμεινον
1226 2535 1262 2598 δὲ
1277 2533 1413 2614 χόλον.

243 2639 283 2706 Α;
315 2635 352 2696 ad
379 2634 583 2695 Herodianum
617 2634 789 2696 referuntur
816 2635 905 2695 baec:
943 2632 1059 2712 χόλον·
1087 2632 1285 2712 Ἡρωδιανὸε
1312 2636 1414 2713 γόον

242 2734 369 2816 γράφει.
401 2737 500 2800 ποῖον
522 2735 584 2814 γὰρ
612 2731 709 2799 οὗτοι
737 2733 804 2813 είχε
825 2733 945 2817 χόλον,
978 2733 1066 2814 εἰμὴ
1088 2737 1221 2816 μᾶλλον
1248 2735 1345 2820 γόονς
1375 2741 1412 2802 Β.

244 2840 287 2900 Ex
319 2839 368 2899 his
389 2845 486 2918 patet,
520 2839 737 2900 Aristarchi
771 2838 945 2900 auctoritate
975 2838 1122 2917 vulgatam
1155 2858 1221 2902 esse
1252 2841 1415 2905 lectionem

243 2939 384 3018 χόλον,
407 2959 475 3000 cum
505 2941 555 3001 alii
584 2937 696 3022 κότον,
726 2941 805 3020 quod
834 2943 910 3002 iram
939 2941 1028 3002 etiam
1058 2943 1225 3025 graviorem
1253 2945 1413 3020 significat,

244 3041 338 3102 scribi
368 3041 502 3111 mallent,
533 3041 736 3102 Herodianum
764 3059 834 3101 vero
864 3043 986 3102 reiectis
1015 3042 1063 3106 his
1089 3043 1270 3104 lectionibus
1296 3045 1415 3108 duabus

243 3141 325 3220 γόον
349 3144 689 3205 accommodatissimum
712 3162 777 3204 esse
801 3145 951 3204 statuisse.
989 3144 1048 3206 lam
1072 3162 1139 3204 cum
1162 3147 1188 3205 is
1209 3149 1261 3226 qui
1277 3147 1414 3212 scholion

133 3275 134 3279 ¹
245 3246 357 3307 codicis
378 3247 401 3307 V
424 3247 557 3326 scripsit,
587 3253 616 3306 et
644 3247 707 3325 ipse
730 3247 852 3305 reiectis
873 3244 1053 3306 lectionibus
1076 3245 1204 3317 duabus,
1234 3265 1307 3327 quas
1330 3267 1413 3311 corn-

244 3349 435 3417 memoravit‚
464 3347 633 3408 Herodiano
657 3347 836 3424 suffragetur
865 3353 895 3406 et
922 3348 972 3408 vix
1000 3347 1067 3408 aliis
1094 3348 1191 3427 iisque
1219 3348 1415 3414 uberioribus

244 3449 378 3510 lontibus
401 3450 443 3510 uti
458 3451 604 3526 potuerit,
628 3447 714 3508 iacile
734 3449 867 3507 nascitur
896 3448 1035 3526 suspitio,
1061 3446 1193 3512 ΚΟΛΟΝ
1217 3459 1246 3510 et
1271 3448 1412 3516 ΚΟΠΟΝ

245 3553 402 3630 depravata
425 3569 491 3611 esse
514 3569 550 3610 ex
573 3547 708 3612 ΧΟΛΟΝ
733 3557 762 3609 et
785 3546 933 3619 ΚΟΤΟΝ,
962 3569 1037 3630 quae
1059 3549 1198 3629 leguntur
1220 3551 1298 3631 apud
1321 3553 1414 3634 Didy-

244 3670 340 3723 mum,
365 3653 414 3712 cui
437 3651 557 3732 quidem
581 3653 740 3729 suspitioni
768 3652 868 3712 lavere
891 3653 980 3712 etiam
1010 3654 1156 3714 rationem
1185 3652 1413 3733 palaeographi-

244 3771 308 3814 cam
331 3755 399 3834 quis
422 3761 468 3814 est
490 3755 563 3834 quin
585 3752 702 3814 videat?
739 3752 819 3814 llaec
841 3771 914 3814 vcro
937 3755 963 3814 si
986 3761 1068 3814 recte
1096 3757 1230 3815 coniecta
1260 3763 1343 3826 sunt,
1373 3758 1413 3819 ad

311 4004 356 4072 42)
375 4001 506 4058 Celerum
522 4002 612 4057 Maur.
630 4002 841 4058 Schmidlius
859 4003 1028 4074 suspicatur,
1046 4003 1187 4059 Rhianum
1198 4005 1307 4061 veteres
1324 4005 1414 4063 libros

244 4090 371 4144 secutum
390 4105 463 4156 esse,
481 4087 630 4142 Philotan
646 4105 674 4158 p.
693 4095 755 4144 433:
776 4097 868 4144 ‘wenn
883 4089 1007 4144 Rhianus
1023 4090 1092 4157 τάχ’
1109 4091 1209 4156 ἔμελλε
1226 4089 1276 4156 lus,
1295 4107 1325 4146 so
1343 4092 1414 4148 lund

245 4190 276 4226 er
293 4191 322 4228 es
340 4174 411 4228 eben
428 4174 457 4228 in
475 4171 565 4240 Mus,
590 4173 645 4228 und
662 4172 818 4240 Aristarch,
848 4173 898 4230 der
922 4189 951 4230 es
974 4174 1045 4232 eben
1069 4189 1099 4228 so
1118 4175 1170 4247 gul
1188 4173 1280 4230 finden
1297 4175 1413 4245 konnte,

245 4257 360 4312 rdttelte
378 4257 455 4316 nicht
472 4258 580 4316 daran.’
