3124 4682
642 283 737 380 „53
770 373 794 379 „

129 477 169 536 ad
192 478 310 553 epicam
326 478 356 536 in
372 473 463 534 rebus
479 472 686 534 descrihendis
701 474 961 552 perspicuitatem,
987 481 1084 535 tamen
1100 493 1158 535 non
1176 473 1300 546 videam,

130 595 188 639 eur
213 575 330 655 vulgata
352 575 442 636 lectio
466 575 539 634 ierri
555 581 692 654 nequeat.

218 677 273 740 llis
294 680 388 757 igitur
414 678 445 737 in
476 674 612 738 versibus
634 675 767 738 Rhianus
794 675 1023 754 Aristophanem
1058 677 1162 738 hahuit
1190 680 1301 756 astipu-

129 783 270 844 latorem.
300 779 386 840 Nunc
402 778 618 857 perlustramus
640 777 732 838 multo
747 779 892 838 maiorem
908 797 1064 840 numerum
1088 797 1202 849 eorum,
1227 798 1302 860 quos

129 884 215 945 solus
237 881 464 942 commutavisse
487 879 604 940 ridetur
627 886 677 940 aut
697 878 807 960 quibus
829 887 910 941 certe
933 879 1029 942 solum
1052 882 1117 942 eius
1139 899 1247 942 nomen
1270 884 1300 942 in

130 985 257 1048 scholiis
279 985 442 1061 ascriptum
465 988 519 1045 est.

218 1085 251 1150 ll
272 1082 346 1149 559.
393 1084 563 1163 Sarpedone
597 1085 696 1144 occiso
723 1083 876 1146 Patroclus
904 1085 1009 1146 hiaces
1043 1084 1232 1156 adhortatur,
1269 1079 1350 1145 ull?

130 1190 281 1250 Troianos
304 1188 379 1247 socii
402 1203 509 1262 corpus
539 1183 733 1244 defendentes
760 1184 944 1262 propulsent.
989 1184 1068 1246 lacet
1089 1186 1226 1266 quidem,
1255 1188 1301 1246 in·

129 1293 213 1372 quit,
237 1287 408 1368 Sarpedon,
433 1305 498 1350 mea
522 1304 611 1347 manu
634 1291 818 1366 prostratus,
841 1287 894 1348 sed
917 1288 1028 1348 utinam
1052 1305 1132 1348 arma
1155 1289 1182 1348 ei
1205 1289 1301 1366 possi·

130 1409 202 1454 mus
223 1390 353 1454 aulerre.

464 1487 540 1552 ἀλλ’
563 1486 592 1552 εί
613 1507 665 1568 μιν
688 1485 908 1568 ἀεικιτεαίμεθ
930 1486 1060 1555 ἑλόντετ

262 1589 377 1671 τεύχεά
398 1589 432 1655 τ’
454 1589 568 1671 ὤμοιιν
591 1589 790 1670 ἀφελοίμεθα
805 1591 856 1656 καί
877 1589 942 1656 τιν’
963 1590 1100 1671 ἑτοίριυν

261 1693 363 1759 αὐτοῦ
378 1691 592 1773 ἀμυνομένων
615 1691 829 1772 δαματαίμεθα
850 1691 941 1772 νηλέϊ
961 1694 1077 1776 χαλκῷ.

128 1801 188 1861 llic
212 1797 292 1879 quod
315 1796 438 1876 optandi
462 1797 558 1857 lorma
581 1797 624 1856 sic
647 1803 790 1873 usurpata
812 1802 869 1866 est,
899 1804 931 1857 ut
953 1796 1168 1858 adhortationis
1190 1799 1249 1858 vim
1272 1805 1302 1858 ot

129 1901 384 1981 significationem
407 1896 546 1975 accipiat,
570 1914 629 1956 non
652 1895 736 1956 deest
751 1897 955 1976 exemplorum
972 1900 1150 1960 auctoritas:
1173 1917 1241 1959 nam
1264 1898 1299 1959 ad

129 2003 258 2065 eandem
281 2002 428 2060 rationem
452 1996 617 2058 revocanda
640 2003 708 2057 sunt
729 1996 818 2058 verba
840 1997 966 2060 Menelai
989 1995 1092 2062 0571
1115 1997 1301 2078 Ἀντίλοχον

129 2102 167 2168 δ’
190 2101 346 2180 ὤτρυνε
369 2099 448 2178 βοὴν
472 2096 593 2174 arcete
617 2097 799 2163 Μενέλαοε·
822 2097 1063 2178 Ἀντίλοχ’...
1086 2097 1121 2165 εί
1141 2099 1213 2164 τινά
1235 2120 1300 2165 που

129 2205 256 2284 Τρώων
280 2201 452 2280 ἐξάλμενοτ
474 2197 577 2278 ἄνδρα
600 2198 805 2282 βάλοιεθα,
828 2207 858 2262 et
882 2201 978 2264 Κ111
1005 2203 1112 2265 Nestor
1127 2204 1247 2264 Aiacem
1271 2213 1301 2264 et

129 2308 326 2370 Idomeneum
350 2305 461 2365 arcessi
484 2302 583 2364 iuhet:
613 2300 700 2366 ἀλλ’
728 2300 763 2366 εί
788 2323 835 2368 τι(
856 2303 907 2367 καὶ
933 2301 1047 2368 τούτδε
1075 2302 1301 2383 μετοιχόμενοτ

129 2407 355 2484 καλέεειεν,
378 2423 474 2486 neque
498 2403 582 2475 aliter
604 2404 718 2482 lnpiter
740 2405 814 2465 dicit
836 2403 862 2468 Ω
885 2404 926 2467 74
954 2403 1042 2470 ἀλλ’
1064 2403 1099 2470 εἴ
1119 2424 1165 2469 τιε
1187 2403 1300 2469 καλέ-

128 2527 213 2575 εειε
236 2510 320 2571 θεῶν
343 2504 437 2570 Θέτιν
460 2501 556 2569 decor
580 2503 679 2584 ἐμεῖο.
724 2506 841 2585 Optime
865 2490 1069 2586 igitur'verha
1093 2527 1124 2570 se
1139 2507 1250 2570 habent
1272 2513 1301 2568 et

129 2615 179 2673 vix
203 2605 363 2692 qhicquam
387 2610 521 2686 reperias
543 2607 622 2687 quod
646 2609 807 2686 vituperes.
854 2608 1056 2672 Nihilominus
1083 2617 1183 2670 tamen
1211 2609 1299 2670 Rhia-

127 2732 189 2776 nus
212 2706 381 2790 adpraei
407 2711 545 2787 scripsit:
581 2728 607 2769 ν.
637 2709 728 2770 schol.
758 2707 846 2772 ἀλλ’
877 2707 912 2774 εἴ
938 2727 1016 2790 μιν·
1049 2708 1084 2776 ἐν
1112 2715 1150 2792 τῇ
1171 2708 1300 2773 Ῥιανοῦ

127 2811 220 2880 ἀλλ’
242 2809 284 2876 εὖ
306 2830 379 2892 μιν.
401 2811 435 2876 Α.
480 2810 553 2872 Cum
576 2812 607 2871 in
630 2812 740 2872 ceteris
762 2809 863 2872 verbis
879 2811 1011 2873 Rhianus
1034 2810 1109 2873 nihil
1130 2813 1299 2882 mutaverit,

128 2917 252 2978 videtur
272 2915 321 2975 his
343 2911 481 2974 versibus
503 2917 615 2973 remota
643 2909 671 2975 εἰ
692 2913 837 2990 particula
859 2913 939 2974 nudo
962 2916 1092 2992 optativo
1116 2914 1195 2975 idem
1218 2920 1299 2991 opta-

129 3030 194 3080 tum
218 3017 409 3097 pronuntiari
431 3011 578 3082 voluisse,
608 3013 687 3092 quod
715 3031 803 3092 supra
832 3014 1044 3086 indicavimus;
1074 3014 1103 3075 id
1132 3015 1212 3094 quod
1238 3033 1299 3076 non

16 3163 18 3210 t
128 3128 246 3202 pugnat
268 3137 336 3180 oum
358 3135 414 3178 usu
437 3115 613 3176 Homerico:
637 3117 692 3176 clr.
715 3117 734 3177 h
757 3112 834 3186 735,
857 3115 911 3176 ubi
933 3115 1081 3196 Penelope
1105 3123 1187 3194 optat
1208 3117 1297 3178 haec:

16 3299 17 3314 ἢ
128 3219 217 3288 ἀλλά
237 3239 284 3284 nc
305 3216 449 3296 ὀτρηρῶε
470 3213 596 3282 Δολίον
626 3215 802 3302 καλέεειε
828 3215 981 3295 γέροντα.
1010 3214 1046 3281 εὖ
1074 3224 1172 3279 autem
1195 3217 1297 3280 adrer-

128 3325 216 3386 hium
239 3329 289 3384 aut
313 3323 357 3382 sic
379 3318 542 3388 intellexit,
566 3321 652 3379 utin
675 3318 823 3380 locutione
852 3315 889 3382 εὖ
917 3315 997 3382 κατὰ
1019 3315 1137 3398 κόεμον
1165 3321 1297 3398 ponitur,

16 3415 17 3422 '
128 3435 160 3489 et
184 3431 218 3486 ut
239 3423 264 3486 Α
286 3418 348 3484 368
377 3421 490 3482 dictum
518 3427 577 3481 est:
615 3418 666 3484 καὶ
693 3419 733 3484 τὰ
754 3420 813 3500 μὲν
840 3417 877 3484 εὖ
906 3419 1062 3486 δάεεαντο
1089 3419 1168 3500 μετὰ
1196 3421 1298 3500 εφίτιν

128 3525 198 3592 υἷε(
219 3524 355 3603 Ἀχαιῶν
378 3523 406 3582 λι.
426 3541 451 3583 e.
475 3527 508 3582 ut
530 3540 583 3599 par
605 3529 634 3582 et
654 3541 781 3603 aequum
805 3531 864 3594 est,
888 3532 952 3596 aut,
976 3544 1036 3605 quo
1058 3527 1154 3603 magis
1176 3525 1296 3594 inclino,

16 3689 18 3718 ι
127 3639 161 3692 ut
185 3646 205 3706 χ
229 3622 304 3696 190,
333 3625 387 3686 υλὶ
410 3624 589 3685 Melanthius
611 3625 739 3686 vinculis
760 3626 931 3704 colligatur,
961 3625 1018 3691 εὺν
1047 3625 1083 3690 δὲ
1110 3623 1214 3689 πόδα(
1235 3627 1297 3703 χεῖ-

128 3728 190 3809 pac
212 3747 246 3791 τε
268 3726 346 3791 δέον
368 3723 524 3804 θυμαλγέϊ
545 3728 665 3808 δεεμῷ,
696 3723 738 3788 εὖ
761 3723 839 3804 μάλ’
861 3723 1106 3806 ἀποιτρέψαντε
1127 3727 1298 3806 διαμπερὲτ

128 3840 160 3893 et
183 3833 202 3892 θ
224 3823 264 3891 37
288 3825 458 3906 δηιάμενοι
480 3825 515 3890 δ’
537 3824 578 3890 ἐὺ
600 3825 720 3893 πάντες
742 3826 794 3892 ἐπὶ
815 3829 936 3907 κληῑειν
958 3828 1073 3910 ἐρετμὰ
1094 3826 1213 3908 ἔκβητε.
1236 3830 1296 3892 lam

16 3935 20 3942 '
128 3937 154 3996 si
180 3949 321 4012 quaeras,
346 3949 401 3991 eur
423 3915 557 3991 Rhianus
579 3930 725 4008 vulgatam
748 3931 906 3993 lectionem
936 3933 1108 4001 mutaverit,
1137 3931 1297 3993 offendisse

17 4103 18 4108 γ
128 4042 203 4115 puto
227 4051 294 4093 eum
316 4034 349 4092 in
372 4029 399 4094 εἰ
420 4031 565 4111 particula
589 4031 624 4092 ad
648 4034 830 4110 optationem
854 4033 1077 4112 significandam
1099 4035 1207 4110 posita;
1236 4032 1295 4092 llo·

16 4137 17 4176 3
119 4153 233 4220 ¹merua
256 4136 335 4194 enim
359 4141 409 4194 aut
431 4133 543 4194 nudum
566 4135 729 4211 optativum
758 4141 808 4196 aut
836 4132 900 4200 εἴθε
929 4137 991 4198 sive
1018 4130 1088 4196 αἴθε
1110 4140 1160 4194 aut
1186 4130 1214 4196 εἰ
1234 4131 1296 4211 γάρ

128 4242 195 4302 sive
217 4233 250 4300 αἲ
271 4232 333 4315 γάρ
356 4243 386 4296 et
409 4236 465 4297 alia
481 4253 592 4316 ponere
614 4236 703 4306 solet,
728 4237 779 4297 sed
803 4237 895 4300 solius
917 4233 944 4300 εἰ
965 4235 1129 4318 particulae
1152 4241 1197 4296 sat
1212 4254 1297 4297 rarus
