3112 4684
769 270 867 367 ‚ii

252 463 395 524 adhibere
418 481 477 522 non
500 462 600 530 licuit,
624 478 692 520 cunr
714 463 740 521 si
763 457 896 538 ῥυπόων
919 467 948 521 et
970 459 1212 538 μεμορυχμένον
1235 461 1427 538 scripsisset,

253 573 284 625 et
306 573 436 624 metrum
461 563 599 623 violasset
622 574 651 623 et
675 564 820 622 orationis
843 563 969 622 lormanr
992 563 1175 624 reddidisset
1196 566 1429 624 inconcinnam.

253 669 350 737 Quare
373 666 447 725 baec
470 667 658 732 coniectura,
682 667 817 743 quamvis
839 665 913 724 lerri
935 667 1043 742 possit,
1067 683 1127 725 non
1150 665 1239 744 digna
1261 672 1318 733 cst,
1342 683 1430 743 quae

254 766 421 828 editoribus
443 767 678 826 commendetur.
710 765 811 826 Nihilo
834 768 928 827 setius
952 786 988 827 ex
1008 767 1117 827 Rhiaui
1140 767 1271 828 editione
1294 765 1323 826 in
1346 765 1431 826 alias

146 875 150 882 “
257 871 399 930 transisse
422 867 555 935 videtum
580 875 661 928 certe
685 868 776 928 codex
801 866 931 930 Venetus
947 868 987 938 N,
1011 887 1100 946 qoem
1130 867 1171 928 La
1187 867 1318 928 Roobius
1340 867 1431 928 inter

256 970 527 1051 praestantissimos
550 977 702 1038 numerat,
727 970 851 1030 eandem
874 970 1194 1030 lectioncmsscrravit.
1274 997 1278 1004 ,

205 1066 250 1132 43
342 1090 358 1134 ε
380 1067 451 1133 386.
496 1071 700 1150 Eurymacbo,
730 1074 783 1150 qui
805 1071 1030 1132 contumeliosis
1059 1071 1160 1132 verbis
1182 1090 1251 1131 eum
1273 1073 1429 1150 perstrin-

257 1176 313 1242 xit,
337 1174 435 1233 Vlixes
464 1191 495 1232 se
524 1191 581 1232 neo
608 1171 724 1232 viribus
758 1172 802 1232 illi
831 1191 887 1232 nec
914 1175 1023 1232 virtute
1040 1173 1163 1234 cedere
1198 1172 1359 1252 respondet
1398 1180 1431 1232 et

258 1275 483 1335 minitabundus
504 1281 638 1334 extrema
661 1274 735 1335 baec
756 1273 847 1334 verba
872 1274 969 1334 addit:

299 1423 363 1488 384
385 1425 412 1488 εἰ
434 1423 466 1488 δ’
489 1423 638 1488 Ὀδυεεύε
661 1423 749 1488 ἔλθοι
771 1424 821 1487 καὶ
840 1423 938 1491 ἵκοιτ’
960 1424 1144 1503 decerptos
1165 1427 1271 1501 γαῖαν,

385 1523 469 1604 αἶψά
490 1525 525 1588 κέ
547 1545 597 1589 τοι
618 1525 658 1590 τὰ
680 1525 825 1604 θύρετρα,
849 1527 901 1589 καὶ
922 1525 1018 1604 εὐρέα
1040 1547 1101 1605 περ
1124 1527 1202 1605 μάλ>
1224 1526 1331 1603 ἐόντα,

385 1626 541 1706 φεύγοντι
564 1625 719 1692 ετείνοιτο
742 1627 787 1690 δι’
810 1627 844 1690 ἐκ
865 1627 1091 1705 προθύροιο
1114 1627 1240 1708 θύραζε.

259 1781 357 1842 Scbol.
381 1779 428 1842 δι’
443 1778 478 1842 ἐκ
500 1777 691 1858 μεγάροιο
714 1777 848 1844 Ῥιανόε.
872 1781 906 1840 ll.
931 1781 1064 1841 Articulo
1081 1784 1248 1861 praeposito
1271 1783 1433 1844 evidenter

260 1883 439 1950 ostenditur,
462 1880 503 1944 τὰ
525 1880 661 1959 θύρετρα
683 1890 786 1942 notare
810 1885 927 1943 ianuam
943 1883 1089 1942 conclavis
1111 1881 1288 1961 (μέγαρον),
1312 1887 1344 1945 iu
1367 1905 1434 1964 quo

259 1986 343 2062 proci
365 1991 603 2044 commorantur:
626 2003 681 2064 per
703 1985 780 2044 banc
802 1986 847 2044 ire
870 1992 988 2063 oportet
1010 2003 1092 2054 eum,
1116 1989 1168 2064 qui
1191 2005 1227 2045 ex
1249 1985 1376 2046 aedibus
1400 1987 1431 2046 in

261 2086 356 2146 aulam
379 2085 490 2152 tendit;
520 2083 600 2162 θύρα
622 2093 668 2146 est
689 2094 776 2166 porta
805 2085 889 2146 aulae
912 2089 1096 2166 saepimento
1125 2087 1342 2157 circumdatae,
1372 2106 1433 2166 per

261 2205 348 2268 quam
366 2207 401 2248 cx
418 2187 482 2248 aula
500 2187 579 2247 loras
595 2186 769 2257 discedunt,
794 2188 824 2246 id
841 2188 919 2266 quod
943 2207 1010 2248 curn
1034 2188 1085 2248 alii
1101 2207 1205 2250 versus
1221 2188 1340 2259 docent,
1365 2196 1433 2250 tum

262 2284 383 2358 elim
417 2289 515 2368 itaque
549 2286 663 2364 diocle
697 2285 829 2366 φεύγειν
861 2289 939 2349 idem
969 2297 1014 2350 est
1041 2309 1075 2350 ac
1103 2291 1191 2350 domo
1219 2290 1323 2350 relicta
1348 2289 1433 2351 ioras

262 2393 375 2468 sugere.
401 2389 461 2449 lam
483 2409 554 2450 vero
583 2391 652 2468 quid
681 2397 727 2450 est
753 2388 934 2472 πρόθυρον,
963 2392 1150 2470 οιιούύιιιοτ
1171 2390 1212 2454 τὰ
1233 2389 1372 2468 θύρετρα
1401 2399 1433 2452 et

261 2492 319 2568 τὴν
349 2489 449 2567 θύραν
472 2493 663 2550 interiectum
693 2491 883 2568 cogitandum
907 2493 968 2552 est?
1005 2493 1067 2552 Hoc
1095 2493 1270 2554 vocabulum
1294 2493 1433 2554 libianos

262 2611 322 2652 non
355 2592 429 2653 lalso
462 2595 677 2671 interpretatus
706 2601 798 2661 esset,
833 2596 857 2653 si
892 2596 950 2654 iarn
983 2597 1134 2672 cognitum
1165 2593 1320 2655 habuisset
1349 2595 1431 2674 quod

264 2713 343 2755 nunc
367 2693 510 2754 debemus
522 2693 641 2755 sobriae
658 2703 687 2754 ct
710 2697 945 2773 circumspectae
961 2695 996 2756 H.
1009 2697 1173 2776 Rumplii
1196 2696 1360 2766 doctrinae,
1377 2699 1432 2776 qui

225 2875 227 2880 Ι
264 2797 300 2857 de
323 2796 388 2855 aed.
413 2795 500 2855 Hom.
525 2795 538 2856 l
566 2815 594 2875 p.
619 2793 659 2858 10
691 2804 827 2858 accurata
861 2797 1072 2894 disquisitipnc
1106 2799 1335 2867 demonstravit,
1370 2797 1433 2860 duo

265 2917 329 2958 esse
352 2895 513 2974 πρόθυραε
538 2897 664 2958 alterurn
687 2917 751 2958 esse
775 2902 932 2959 transitum
957 2899 993 2959 ab
1017 2899 1080 2960 aula
1110 2900 1145 2960 ad
1176 2901 1295 2960 domurn
1320 2897 1433 2978 (Their-

264 2998 354 3079 weg),
390 2999 519 3060 alterum
546 3001 705 3061 transitum
728 3020 744 3061 a
768 3003 812 3060 via
835 3001 870 3060 ad
894 3000 990 3078 aulam
1013 2999 1181 3081 (Thorwcg)
1212 3011 1242 3061 et
1269 2999 1432 3080 complecti

266 3121 315 3162 eas
339 3120 456 3181 quoque
479 3104 543 3162 viae
566 3109 681 3180 partes,
712 3119 787 3182 quae
817 3110 884 3162 ante
907 3103 1018 3162 lorium
1041 3104 1197 3163 introitum
1220 3103 1355 3179 proxime
1379 3103 1432 3164 ad-

265 3205 391 3264 iaccant.
415 3203 548 3264 Rhianus
564 3211 661 3264 autern
678 3203 813 3264 vocabuli
836 3206 1055 3283 compositione
1071 3211 1101 3264 et
1116 3203 1267 3265 nonnullis
1284 3205 1431 3275 versibus

265 3313 298 3364 ut
313 3323 333 3365 α
351 3301 425 3374 119,
450 3307 571 3366 innixus
586 3305 681 3366 solum
699 3305 728 3364 id
746 3307 889 3383 spatium,
914 3306 993 3384 quod
1009 3312 1092 3366 extra
1109 3305 1205 3366 aulam
1222 3313 1290 3367 ante
1313 3313 1433 3386 portam

266 3413 325 3473 cst,
349 3405 531 3466 intellexisse
553 3407 684 3476 videtur,
709 3413 742 3465 ut
764 3407 789 3465 si
811 3409 919 3484 quise
948 3407 1036 3467 domo
1058 3389 1174 3484 θύραζε
1201 3408 1333 3484 fugeret,
1363 3403 1433 3468 eum

265 3525 300 3566 ex
324 3506 406 3566 aulae
434 3514 521 3584 porta
545 3507 663 3566 (ternum
692 3525 843 3584 egressum
873 3509 908 3568 ad
937 3505 1102 3586 πρόθυρον
1131 3509 1273 3568 accedere
1301 3516 1436 3588 putaret:

266 3609 314 3668 Sic
337 3609 403 3668 lieri
427 3627 486 3667 non
509 3615 640 3686 poterat,
666 3611 738 3688 quin
755 3609 954 3689 discrepantia
978 3613 1009 3670 in
1032 3610 1089 3670 hcc
1105 3627 1192 3670 versu
1216 3594 1431 3678 offenderetur,

265 3727 354 3789 quarn
378 3711 451 3769 scite
475 3717 505 3769 et
526 3726 669 3789 perquam
692 3718 759 3790 apte
783 3701 956 3772 coniciendc
980 3709 1024 3774 δι’
1047 3709 1081 3773 ἐκ
1096 3709 1250 3790 μεγάροιο
1266 3711 1432 3774 sustulisse

267 3828 335 3870 eum
358 3810 580 3870 concedendurn
604 3820 663 3882 est,
687 3814 764 3892 quod
789 3815 813 3874 si
836 3815 1000 3892 antiquitus
1034 3813 1184 3890 vulgatum
1214 3821 1307 3881 essct,
1343 3831 1433 3875 nemo

267 3919 345 3972 esset
367 3913 418 3992 qui
442 3912 686 3989 reprehenderet.
712 3915 860 3976 Scd'cum
891 3915 1006 3992 vulgata
1034 3913 1123 3974 lectio
1152 3932 1211 3975 non
1235 3914 1377 3976 destituta
1394 3917 1435 3976 sit

267 4013 421 4074 commodo
444 4007 611 4084 intellectu,
645 4025 707 4077 tum
739 4019 859 4094 gravior
892 4016 1040 4077 acerbitas
1063 4019 1141 4076 inest
1164 4018 1195 4076 in
1217 4017 1286 4093 luga
1315 4034 1350 4076 ac
1371 4025 1435 4078 tre-

267 4115 418 4191 pidatione
441 4115 619 4196 Eurymaobi
643 4117 850 4188 describenda,
875 4121 900 4177 si
923 4119 1013 4178 totius
1036 4117 1140 4197 spatii,
1171 4117 1248 4197 quod
1272 4135 1436 4196 percursu-

268 4233 320 4276 rus
342 4222 395 4285 est,
419 4217 552 4294 singulae
568 4224 669 4295 partes
691 4217 872 4280 indicantur.
