3124 4682
741 311 781 377 15

741 567 787 644 Π.

264 737 428 808 Rhianum,
452 757 519 798 cum
542 741 574 798 in
597 740 765 801 libertatem
788 740 954 801 vindicatus
977 751 1069 809 esset,
1100 745 1198 803 omnia
1221 761 1273 803 sna
1297 743 1343 802 lit·

178 848 313 910 terarum
337 848 367 899 et
389 839 541 900 doctrinae
565 841 662 902 studia
685 860 721 901 ex
737 841 847 901 saeculi
871 843 917 902 sui
932 861 1015 902 more
1039 843 1074 902 ad
1090 852 1247 922 poetarum
1262 847 1345 923 prin·

177 943 275 1019 cipem
298 941 459 1000 Homerum
482 943 648 1014 rettulisse,
678 945 808 1022 primum
837 961 870 1002 ex
902 945 997 1026 epicis
1020 946 1085 1004 eins
1108 943 1292 1005 carminibus
1315 953 1346 1004 et

178 1043 403 1120 epigrammatis
432 1043 607 1120 intellegere
636 1044 721 1112 licet,
753 1061 879 1122 qnorum
908 1063 1086 1124 quamquam
1114 1065 1265 1125 perpauca
1294 1064 1344 1105 ex-

177 1144 462 1224 stantlragmenta,
487 1145 542 1204 boc
565 1151 663 1205 tamen
687 1147 758 1204 satis
780 1146 969 1206 manifestum
992 1148 1121 1215 iaciunt,
1146 1166 1213 1207 enm
1235 1147 1344 1207 Home-

177 1246 259 1304 ricae
282 1247 382 1323 poesis
416 1243 514 1306 indole
543 1249 664 1325 penitus
693 1247 792 1306 animo
819 1253 960 1326 percepta
996 1249 1125 1325 epioae
1160 1249 1346 1308 dictionis

177 1345 444 1405 felicissimum
468 1349 669 1407 exstitisse
697 1349 930 1408 imitatorem
961 1358 996 1407 et
1024 1351 1214 1410 aemulum.
1259 1349 1343 1419 Nam,

177 1455 211 1506 nt
242 1447 397 1508 audiamus
431 1448 655 1525 intellegentem
684 1456 840 1527 poetarum
869 1451 1089 1510 aestimatorem
1119 1449 1344 1510 llcineltium

176 1547 196 1609 l.
225 1547 246 1606 l.
279 1567 308 1626 p.
338 1543 416 1615 200,
451 1549 483 1606 in
516 1547 656 1608 dictionis
694 1550 788 1608 lorma
817 1569 1016 1630 versuumque
1040 1552 1249 1612 struendarum
1281 1559 1344 1611 arte

178 1647 362 1708 ‘simiHimns
401 1649 454 1707 luit
490 1649 643 1728 Apollonio
678 1649 804 1710 Rhodio.
857 1651 1053 1713 Humerorum
1088 1653 1208 1732 quidem
1242 1653 1344 1712 eadem

176 1749 350 1818 mollitudo,
380 1752 475 1808 oratio
505 1758 619 1818 autem,
655 1752 715 1810 sive
745 1751 904 1812 verborum
934 1753 1080 1814 delectum
1110 1757 1170 1814 sive
1199 1756 1344 1814 rationem

178 1852 371 1930 syntacticam
394 1859 525 1928 spectas,
556 1851 682 1927 simplex
712 1859 741 1910 et
764 1851 939 1914 Homericae
964 1855 1087 1924 aemula,
1113 1856 1191 1916 nulla
1214 1855 1345 1916 insolen-

179 1955 266 2012 tioris
301 1952 442 2011 dictionis
475 1953 637 2022 affectatio,
678 1953 757 2012 nulla
791 1953 934 2014 obscurae
969 1957 1121 2017 doctrinae
1161 1959 1343 2017 ostentatio’.

178 2054 260 2113 lde'm
284 2053 320 2112 de
344 2051 611 2132 epigrammatis¹¹)
634 2055 653 2113 l.
670 2054 688 2113 l.
715 2074 741 2133 p.
758 2051 835 2114 206:
870 2056 914 2115 ‘ln
937 2057 1090 2136 plerisque
1114 2077 1162 2118 res
1185 2059 1344 2118 amatoriae

178 2155 325 2234 petulanti
349 2156 474 2234 quadam
491 2163 656 2216 tractantur
679 2157 817 2225 lascivia,
843 2156 894 2216 sed
918 2157 953 2216 ad
978 2176 1067 2217 unum
1084 2161 1182 2218 omnia
1198 2158 1346 2218 excellunt

179 2275 247 2316 cum
275 2257 448 2317 emendatae
477 2257 617 2318 dictionis
647 2259 748 2327 lautia,
786 2265 848 2318 tum
882 2261 1062 2319 inventionis
1091 2261 1225 2320 acumine
1255 2268 1342 2339 atque

179 2359 258 2418 baud
281 2376 350 2418 raro
374 2359 469 2420 nativa
492 2359 618 2438 quadam
643 2367 672 2420 et
695 2359 815 2420 amabili
847 2360 1062 2440 simplicitate'.
1107 2361 1180 2422 Cum
1203 2363 1249 2421 bis
1272 2381 1343 2422 con-

179 2464 296 2538 spirant
318 2479 393 2540 quae
417 2461 454 2520 Μ.
479 2460 722 2538 Sengebnscbins
744 2462 828 2522 Hom.
854 2463 925 2524 diss.
949 2463 962 2521 l
984 2483 1013 2542 p.
1030 2459 1070 2523 47
1094 2461 1130 2522 de
1147 2459 1256 2524 Rhiani
1278 2471 1342 2523 arte

177 2563 295 2641 poetica
331 2545 418 2622 dixit:
455 2561 674 2624 ‘Transtulisse
708 2565 798 2624 multa
834 2585 869 2624 ex
903 2564 1033 2625 Homero
1066 2568 1097 2625 in
1131 2567 1262 2626 carmina
1292 2583 1344 2624 sna

177 2664 329 2724 Rhianum
351 2667 391 2722 ita
415 2671 447 2722 ut
470 2664 692 2742 simplicitatem
721 2668 849 2726 maxime
873 2665 1024 2726 Homerici
1048 2668 1193 2728 sermonis
1216 2666 1344 2726 aemula-

177 2773 279 2834 retur,
302 2766 466 2841 lragmenta
490 2766 606 2826 docent.
643 2767 704 2836 Qua
728 2769 759 2826 in
782 2786 815 2826 re
838 2767 924 2845 longe
948 2770 1074 2828 recessit
1096 2767 1132 2828 ab
1148 2767 1344 2828 ostentatione

178 2868 348 2935 doctrinae,
388 2886 463 2944 quae
498 2869 649 2946 reperitur
683 2869 760 2948 apud
794 2867 980 2947 Apollonium
1014 2869 1160 2930 Rhodium
1195 2878 1224 2930 et
1258 2869 1344 2930 Calli-

178 2969 341 3029 machum'.

265 3069 345 3130 Haec
368 3071 487 3148 quidem
516 3073 685 3132 confirmari
710 3071 883 3140 videbimus,
908 3071 958 3132 ubi
987 3073 1016 3132 in
1040 3073 1156 3150 singula
1179 3075 1346 3134 accuratius

177 3173 435 3252 inquisiverimns,
465 3190 643 3252 quamquam
674 3191 777 3252 parum
806 3181 944 3252 superest
977 3176 1226 3262 fragmentorum,
1257 3194 1345 3254 quam

164 3281 215 3334 'ut
237 3274 352 3352 largnrn
376 3274 621 3334 documentorum
646 3277 760 3354 copiam
784 3278 922 3354 prolerre
945 3275 1042 3336 liceat.
1308 3337 1310 3344 ,

265 3375 397 3436 Primum
421 3378 529 3452 igitur,
560 3385 592 3436 ut
614 3376 651 3437 ab
680 3396 715 3436 eo
738 3377 836 3438 studio
859 3377 1016 3438 Homerico
1045 3379 1238 3457 incipiamus,
1267 3380 1345 3458 quod

178 3479 316 3538 cernitur
338 3479 369 3536 in
398 3477 541 3537 fabulis
569 3479 604 3538 ad
634 3477 861 3538 similitudinem
890 3479 1113 3540 Hornericarum
1143 3482 1345 3550 conformatis,

178 3583 272 3652 missa
294 3579 430 3640 iacienda
454 3586 522 3638 sunt
545 3579 783 3648 Thessalica,
808 3579 951 3650 Eliaca,
976 3583 1150 3652 Achaica,
1180 3600 1344 3661 quaecum

177 3684 211 3741 in
235 3687 410 3758 argumento
434 3681 668 3760 etbnograplrico
692 3689 897 3752 versarentur,
922 3685 970 3742 vix
993 3683 1081 3744 aliam
1104 3682 1255 3743 habebant
1278 3701 1345 3742 cum

177 3783 302 3844 Homeri
325 3781 508 3842 carminibus
531 3784 718 3852 altinitatem,
749 3803 836 3862 claram
860 3785 938 3862 qnod
962 3803 1097 3844 sermone
1122 3785 1205 3862 epico
1229 3793 1257 3844 et
1280 3803 1345 3843 ver-

177 3917 246 3928 ..-n-
261 3921 364 3927 ...-..,,.-
377 3922 382 3926 .

249 4003 291 4068 11)
310 3997 498 4068 Meleager,
518 3998 565 4066 qui
582 3999 685 4054 Rhiani
703 3999 908 4070 epigrammata
925 4001 954 4053 in
972 4002 1120 4069 (τέφανον
1133 4017 1213 4054 suum
1231 3999 1346 4068 recepit,

177 4088 211 4158 ut
230 4093 357 4140 ‘suavem
373 4083 570 4154 placidumque
588 4101 717 4139 versuum
735 4103 843 4139 cursum
862 4087 891 4139 et
902 4085 1084 4140 aromaticam
1103 4085 1182 4153 quasi
1194 4083 1346 4138 omninum

176 4172 322 4226 naturam’
342 4172 377 4238 (v.
390 4169 514 4224 Saalium
525 4187 552 4240 p.
568 4171 610 4239 15)
633 4169 816 4238 significaret,
837 4171 871 4224 de
890 4187 923 4224 eo
942 4169 1023 4223 dixit:
1042 4176 1078 4238 τῇ
1097 4171 1128 4220 δ’
1146 4171 1201 4236 ἅμα
1218 4171 1264 4222 καὶ
1282 4170 1346 4238 (άμ-Ι

176 4275 273 4328 ψυχον
292 4257 347 4325 ἀφ’
364 4257 519 4325 ἡδυπνόοιο
538 4258 655 4322 Ῥιανοῦ.
1106 4259 1107 4262 ’
