3124 4682
797 292 900 390 ἐξ.

244 489 479 548 controversiam
503 487 625 545 omnino
647 484 782 545 inutilem
811 501 876 544 esso
905 483 1033 562 putavit;
1063 499 1096 541 re
1119 499 1188 551 vcra
1216 482 1297 542 enim
1320 481 1412 542 nihili

178 604 188 610 ·
242 590 369 650 interest
390 606 445 648 nec
468 589 626 666 quicquam
648 587 679 646 in
701 603 735 646 re
752 592 870 646 narrata
886 586 1033 653 variatur,
1057 586 1119 644 sive
1140 580 1206 646 ἀπὸ
1230 585 1317 662 βοῶν
1333 585 1413 647 catio

243 691 303 752 sive
327 690 415 768 βοῶν
443 684 598 750 ἀπέετευα
625 687 710 750 dicis.
755 687 830 757 Quid
858 687 935 766 quod
965 688 1059 766 ipsius
1086 684 1314 765 praepositionis
1342 682 1412 748 ἀπό

243 809 316 852 usus
337 791 394 851 hoc
416 790 482 850 loco
509 808 568 850 non
597 794 678 850 earet
703 790 780 850 iusta
803 789 984 850 offensione?
1021 788 1154 848 Primum
1183 789 1264 847 enim
1292 805 1348 866 per
1376 807 1411 848 se

245 900 477 954 consentaneum
510 899 570 961 est,
603 891 750 961 Aeneam,
785 909 874 971 quem
907 889 1036 950 Achilles
1068 890 1212 950 inermem
1248 907 1412 967 aggressus

244 1000 322 1056 esset
354 994 578 1072 eteirrgientem
612 999 858 1073 persequeretur,
892 1010 952 1053 non
981 1009 1058 1052 enm
1092 1009 1184 1068 grege
1207 1008 1260 1051 suo
1283 993 1410 1069 fugisse,

245 1098 296 1158 sed
319 1113 441 1175 gregem
464 1096 647 1164 deseruisse,
670 1102 703 1155 ut
726 1112 809 1154 suam
833 1100 915 1155 certe
938 1095 1027 1155 vitam
1050 1093 1120 1170 iuga
1135 1110 1222 1172 quarn
1246 1093 1411 1153 celerrima

243 1205 389 1259 servaret:
423 1213 675 1276 supervacaneum
708 1197 868 1273 igiturest
895 1195 955 1256 dici
978 1213 1044 1254 eum
1073 1191 1139 1257 ἀπὸ
1163 1196 1250 1273 βοῶν
1273 1196 1410 1272 iugatum

244 1319 320 1361 csse.
358 1299 471 1360 Deinde
495 1304 592 1358 autem
615 1299 640 1357 si
663 1297 810 1358 llonrorus
837 1297 970 1358 indicare
993 1295 1220 1366 valeniacum,
1250 1297 1328 1357 unde
1351 1299 1411 1357 Ae-

243 1421 315 1462 neas
337 1400 375 1461 ab
391 1401 482 1460 ‘hoste
505 1402 624 1478 iugatus
639 1405 734 1469 esset,
758 1399 814 1460 hoc
836 1401 910 1460 satis
931 1400 1129 1476 significatum
1152 1405 1199 1459 est
1212 1397 1314 1459 verbis
1334 1397 1413 1461 κατ’

243 1501 365 1566 Ἰδαίων
393 1498 509 1578 ὀρέων.
558 1500 692 1581 Denique
721 1502 845 1562 molesta
879 1508 923 1562 est
950 1500 1111 1561 verborum
1144 1500 1314 1568 collocatio,
1349 1518 1411 1580 qna

243 1606 366 1684 μοῦνον
399 1601 495 1666 ἐόντα
525 1604 716 1664 interiectum
750 1612 795 1664 est
828 1605 907 1663 inter
929 1606 1017 1682 βοῶν
1046 1599 1112 1664 ἄπο
1146 1609 1174 1661 et
1207 1603 1297 1682 τεῡα,
1331 1621 1411 1682 quae

244 1707 389 1768 artissime
428 1705 600 1766 cohaerent.
645 1705 739 1766 'Hanc
778 1693 972 1765 oliensioncm
1012 1705 1160 1784 triplicem
1186 1703 1343 1764 .lacillime
1377 1711 1412 1764 et

243 1811 397 1887 aptissime
420 1807 554 1869 Rhianus
581 1823 616 1867 ec
644 1807 777 1878 sustulit,
807 1807 885 1884 quod
914 1807 1094 1884 sullraganie
1116 1805 1314 1884 Aristophane
1338 1824 1410 1866 curn

243 1911 314 1971 Chia
336 1908 389 1973 ἔπι
410 1928 466 1989 pro
488 1905 553 1971 ἄπο
581 1911 726 1988 reposuit.
770 1909 844 1970 Nam
867 1926 934 1968 cum
964 1909 1051 1986 βοῶν
1079 1905 1131 1970 ἔπι
1160 1909 1283 1985 μοῦνον
1311 1904 1412 1970 ἐόντα

232 2014 322 2072 inter
344 2029 376 2072 se
400 2013 558 2072 coniuncta
582 2013 656 2081 sint,
686 2013 805 2070 suavius
834 2010 900 2070 tluit
921 2011 1017 2069 oratio
1032 2045 1073 2052 -
1088 2009 1119 2069 id
1147 2009 1225 2090 quod
1249 2009 1410 2070 scholiasta

242 2113 423 2192 significasse
451 2113 570 2174 videtur
604 2111 704 2172 verhis
733 2109 793 2174 οὐκ
820 2108 977 2188 ἀχαρίτως
1004 2145 1041 2154 -
1071 2119 1102 2171 et
1134 2112 1294 2181 sententia,
1330 2131 1410 2191 quae

242 2218 388 2285 nascitur,
424 2215 460 2276 ad
494 2233 559 2274 rem
590 2216 686 2293 ipsam
719 2216 815 2291 magis
848 2213 1067 2274 accommodata
1099 2220 1157 2280 est;
1199 2231 1294 2292 neque
1326 2215 1409 2274 enim

242 2317 371 2378 Achilles
387 2319 526 2378 timorem
548 2334 616 2376 eum
639 2315 773 2376 indicare
789 2315 897 2386 voluit,
921 2333 979 2394 quo
1000 2317 1179 2394 perterritus
1191 2314 1305 2376 Aeneas
1328 2315 1411 2377 solus

242 2421 375 2498 lugeret,
399 2419 452 2479 sed
474 2427 622 2478 terrorem
638 2419 737 2496 potins
759 2419 788 2476 ei
803 2418 961 2486 iniectum,
986 2433 1053 2476 eum
1070 2415 1151 2477 solus
1173 2423 1202 2476 et
1224 2418 1259 2478 ad
1276 2435 1409 2498 pugnam

242 2523 396 2600 inparatus
417 2522 449 2579 in
478 2525 578 2579 monte
607 2519 657 2580 lda
688 2518 777 2578 hoves
805 2525 941 2597 pasceret
970 2525 1000 2578 et
1027 2520 1179 2596 inproviso
1208 2517 1331 2579 Achillis
1360 2523 1409 2580 in-

241 2631 313 2702 petu
335 2623 566 2700 opprimeretur.
611 2619 733 2681 Accedit
755 2620 833 2699 quod
857 2617 910 2682 ἐπί
932 2639 966 2680 ea
981 2621 1162 2699 praepositio
1186 2627 1245 2689 est,
1269 2640 1346 2700 quae
1370 2622 1409 2682 de

241 2722 412 2804 pastoribus
438 2739 546 2800 greges
573 2721 810 2782 custodientibus
837 2723 958 2800 proprie
986 2722 1046 2780 dici
1075 2720 1181 2781 soleat:
1216 2739 1274 2798 qna
1308 2723 1344 2782 de
1373 2742 1408 2784 re

242 2841 490 2884 commemorasse
520 2824 647 2884 sufficiet
681 2823 862 2883 locutionem
895 2824 1167 2902 frequentissimam
1197 2821 1408 2901 ἐπιβουκόλος

193 2941 196 2947 ·
242 2924 323 3002 ἀνήρ
346 2925 374 2985 h.
399 2945 425 2985 e.
450 2932 551 3004 pastor
574 2927 624 3002 qui
647 2932 691 2984 est
713 2922 765 2986 ἐπὶ
791 2929 857 2987 τῶν
886 2927 974 3003 βοῶν
1002 2944 1024 3000 γ
1043 2922 1115 2985 422.
1145 2921 1258 2987 o235.
1286 2944 1312 3003 φ
1337 2922 1407 2988 199.

241 3046 261 3104 χ
282 3023 356 3088 268.
379 3023 452 3087 292.
475 3023 539 3088 285
567 3035 596 3087 et
619 3023 790 3104 ἐπιποιμήν
812 3044 833 3101 μ
855 3022 911 3094 31;
940 3026 994 3086 eir.
1019 3029 1108 3088 etiam
1131 3029 1254 3088 Ameisii
1277 3028 1407 3106 append.

242 3129 278 3189 ad
300 3147 321 3202 γ
341 3125 405 3190 422
428 3137 458 3190 et
480 3148 500 3191 α
522 3125 594 3190 273.

193 3223 237 3288 lt)
328 3231 401 3292 Cum
428 3223 645 3291 Antimacho
674 3231 825 3292 consensit
853 3227 1136 3292 1111111μ1Φ607.
1173 3230 1312 3291 Troianis
1339 3231 1408 3290 uhi·

241 3349 298 3410 (lue
321 3332 416 3411 pulsis
438 3333 595 3412 multisque
618 3333 728 3392 occisis
750 3331 878 3391 Achilles
907 3349 993 3392 saeva
1016 3331 1146 3392 bollandi
1175 3333 1336 3412 cupiditate
1360 3335 1407 3393 in-

240 3433 407 3494 flammatus
430 3451 496 3492 cunr
513 3433 633 3493 Achivis
657 3434 692 3494 ad
708 3431 814 3493 urbem
836 3435 970 3512 proxime
994 3435 1130 3504 accessit,
1155 3441 1184 3494 et
1206 3433 1346 3494 'l'roianis
1369 3435 1407 3495 de

241 3534 336 3595 salute
360 3534 579 3614 desperandum
607 3535 678 3604 snit,
708 3536 767 3596 nisi
795 3534 898 3614 Apollo
921 3536 1089 3614 Agenorem
1117 3535 1289 3597 cohortatus
1318 3543 1406 3608 esset,

241 3642 273 3696 ut
301 3636 396 3696 hostis
423 3637 556 3696 furorem
589 3638 615 3696 si
643 3637 741 3698 minus
768 3637 938 3706 refrenare,
973 3644 1002 3698 at
1034 3639 1181 3698 remorari
1208 3637 1346 3708 auderet,
1378 3647 1409 3698 et

242 3737 384 3798 Achillem
408 3739 553 3816 Agenoris
580 3740 679 3817 specie
708 3739 829 3799 indutus
857 3739 1023 3800 fefellisset.
1071 3738 1136 3810 Quo
1164 3739 1266 3800 divino
1294 3740 1407 3800 auxilio

241 3839 351 3899 iactum
375 3846 434 3910 est,
457 3845 491 3900 ut
506 3841 632 3901 maxima
655 3860 724 3920 pars
747 3841 946 3902 Troianorum
968 3843 1000 3902 in
1022 3843 1174 3902 moenium
1198 3841 1314 3919 reingia
1337 3861 1407 3920 per·

240 3943 393 4002 venirent:
848 3936 853 3950 ’

367 4040 467 4121 τόφρ’
490 4039 583 4106 ἄλλοι
605 4041 712 4120 ionae
734 4043 957 4122 πεφοβημένοι
978 4043 1079 4122 ἦλθον
1102 4043 1202 4128 ὁμίλῳ
1255 4087 1257 4095 >

368 4142 514 4208 dcadctor
536 4143 631 4222 προτὶ
654 4142 742 4208 dcco·
765 4143 883 4209 πόλι(
905 4144 939 4209 δ’
961 4145 1136 4225 ἔμπλητο
1160 4145 1314 4211 ἀλέντων.

242 4245 339 4307 Schol.
362 4244 456 4310 πόλις
478 4245 512 4310 δ’
533 4244 689 4325 ἔμπλητο·
711 4247 798 4326 παρὰ
821 4245 997 4330 Ἀντιμάχῳ
1020 4246 1071 4312 καὶ
1093 4246 1209 4331 Ῥιανῷ
1230 4248 1349 4311 πύλαι
1372 4248 1408 4312 δ’
