3124 4682
621 277 772 378 ja-

110 470 228 551 lupiter
250 468 414 530 irabundus
437 468 578 530 lunonem
607 470 643 530 de
666 489 762 550 poena
790 469 942 542 admonet,
972 489 1029 549 qua
1059 489 1124 530 eam
1151 471 1279 551 pedibus

112 571 314 651 manibusque
336 574 463 632 vinctam
487 571 523 631 de
539 571 621 632 caelo
637 589 811 652 suspensam
826 573 948 632 lecerit:
977 569 1013 634 tia
1036 570 1069 634 b’
1092 571 1127 636 ἐν
1150 571 1279 651 αἰθέρι

109 672 178 736 καὶ
200 672 412 755 νεφέλῃειν
434 671 599 753 ἐκρέμω,
621 681 673 734 aut
694 674 798 734 aether
820 674 941 735 nubilus
962 693 1028 734 esse
1044 673 1155 736 dicItur
1170 683 1221 735 aut
1243 677 1278 737 ad

109 772 342 836 similitudinem
365 775 483 846 Martis,
513 777 564 851 qui
587 772 668 837 ἑπτὰ
690 773 802 852 ἐπέςχε
830 773 970 851 πέλεθρα
998 774 1105 839 πεςών
1135 774 1173 853 (Φ
1194 774 1278 855 407),

109 877 235 938 lunonis
258 883 369 937 statura
395 867 453 937 iam
476 879 581 954 ingens
603 878 740 954 fingenda
763 885 823 946 est,
855 884 889 937 ut
911 895 946 936 ex
975 878 1097 938 aethere
1127 897 1220 958 usque
1243 881 1278 940 ad

109 979 210 1040 nubes
237 981 401 1058 pertineat;
435 978 537 1038 eadem
566 978 630 1038 lere
663 977 753 1039 verba
786 978 914 1056 legimus
943 974 1054 1040 0192
1081 977 1164 1042 Ζεὺ(
1187 978 1281 1058 έλαχ>

110 1078 259 1157 οὐρανὸν
282 1077 386 1157 ἐὐρὺν
413 1077 449 1143 έν
477 1077 601 1157 αἰθέρι
629 1079 692 1142 καὶ
718 1077 953 1162 νεφέλῃειν,
984 1081 1067 1160 quod
1091 1082 1215 1142 tortasse
1245 1102 1280 1142 eo

110 1183 295 1262 explicatur,
324 1182 402 1261 quod
431 1201 498 1242 cum
527 1179 622 1242 nubes
650 1182 725 1242 caeli
744 1189 856 1260 portae
885 1183 945 1242 sint
974 1183 1097 1261 eiusque
1126 1189 1278 1262 aspectum

109 1283 279 1352 occultent,
304 1283 476 1344 hominibus
496 1303 614 1344 sursum
630 1282 835 1363 spectantibus
851 1283 965 1364 caelum
987 1286 1072 1362 quasi
1095 1286 1126 1343 in
1149 1283 1281 1345 nubibus

110 1405 183 1447 esse
208 1386 253 1446 vel
277 1387 379 1465 polius
399 1385 532 1446 nubibus
554 1386 783 1445 circumclusum
807 1403 872 1445 esse
896 1385 991 1446 videri
1016 1392 1126 1466 potest;
1155 1386 1280 1466 etquid

109 1489 208 1548 lacies
222 1488 271 1548 bis
291 1486 408 1547 duobus
428 1486 565 1548 versibus
585 1483 662 1550 Λ54
683 1485 718 1549 ἐν
740 1486 776 1548 δέ
801 1485 954 1563 κυδοιμὸν
977 1483 1059 1563 ὠρςε
1080 1486 1178 1550 κακὸν
1201 1485 1279 1564 Κρο-

108 1589 220 1670 νίδης,
243 1588 323 1651 κατὰ
345 1587 379 1651 δ’
401 1587 526 1666 ὑψόθεν
554 1586 630 1664 ἧκεν
653 1587 762 1665 έέρςαε
784 1585 889 1665 αἵματι
916 1586 1076 1666 μυδαλέας
1098 1586 1131 1653 ἐξ
1154 1587 1280 1666 αἰθέρος

108 1698 144 1750 et
165 1689 199 1754 Π
220 1687 284 1752 365
318 1688 363 1753 ὡς
395 1687 429 1752 δ’
461 1686 512 1752 ὅτ’
546 1687 606 1752 ἀπ’
635 1688 812 1766 Οὐλύμπου
847 1687 949 1767 νέφος
982 1687 1107 1766 ἔρχεται
1137 1688 1280 1766 οὐρανὸν

109 1789 189 1856 είςω
218 1790 378 1869 αἰθέρος
400 1789 439 1854 ἐκ
462 1787 562 1872 δίης,
586 1789 639 1854 ὅτε
662 1809 696 1854 τε
717 1783 962 1854 Ζεὺςλαίλαπα
984 1789 1088 1874 τείνῃί
1111 1791 1191 1862 Quos
1214 1795 1279 1872 qui--

109 1896 182 1955 ‹lem
207 1911 310 1954 versus
332 1896 390 1953 iam
415 1893 604 1954 Aristarchus
632 1893 802 1972 expeditum
831 1896 870 1953 iri
894 1893 1063 1972 desperavit
1085 1901 1116 1954 et
1138 1894 1282 1955 Lehrsius

109 2013 254 2076 umquam
279 1995 308 2055 id
331 1997 396 2055 fieri
419 2013 506 2074 posse
530 1991 700 2072 negavit.⁵¹)
724 1995 848 2054 -lam
872 2013 940 2054 vero
964 2013 1031 2054 cum
1055 1995 1171 2075 Olympi
1194 2015 1281 2056 cacu-

109 2100 212 2167 mina,
235 2099 267 2157 in
290 2096 399 2176 quibus
422 2096 470 2156 dei
494 2098 705 2175 sempiternam
729 2096 830 2157 sedem
854 2097 1085 2166 collocaverunt,
1110 2097 1206 2158 nubes
1230 2116 1279 2158 ex·

110 2199 224 2260 cedere
248 2200 432 2276 cogitentur,
462 2198 533 2258 deos
555 2217 678 2260 necesse
706 2206 755 2266 ¹est
776 2200 889 2259 versari
912 2200 943 2258 in
966 2194 1080 2274 αἰθέριι
1111 2199 1210 2277 itaque
1233 2198 1280 2258 lu-

109 2303 196 2382 piter
218 2298 253 2362 ἐν
277 2297 377 2376 αἰθέρι
392 2297 492 2362 ναίων
522 2302 553 2360 in
577 2299 718 2379 precibus
741 2299 935 2360 sollemnibus
957 2308 1146 2378 nuncupatur
1169 2297 1280 2362 3412.

109 2403 145 2466 Δ
172 2399 244 2464 166.
269 2419 288 2463 0
310 2397 389 2471 522,
413 2409 443 2462 et
465 2403 701 2481 quotiescunque
725 2402 773 2462 dei
797 2401 833 2462 dc
862 2402 943 2464 caelo
970 2403 1134 2462 interram
1158 2401 1281 2462 descen-

110 2507 205 2572 dunt,
230 2522 266 2564 ex
289 2503 412 2564 aethere
434 2505 583 2582 proficisci
606 2501 651 2563 vel
673 2504 795 2564 aethera
819 2523 973 2584 permeare
997 2503 1154 2564 dicuntur:
1178 2501 1283 2566 0610

110 2604 213 2669 αὐτὸς
234 2603 296 2681 γάρ
325 2602 355 2666 oi
384 2601 458 2683 (scil.
481 2595 615 2684 ‘'Caiopal
644 2602 710 2666 dn’
737 2603 898 2682 αἰθέρος
926 2602 983 2681 ἦεν
1012 2603 1162 2683 ἀμύντωρ
1190 2604 1281 2674 Ζεύς,

110 2707 142 2771 Ξ
165 2704 229 2768 258
260 2706 387 2767 Somnus
416 2707 451 2766 de
480 2707 547 2766 love
577 2708 652 2766 irato
676 2707 763 2766 dicit:
796 2705 847 2769 καί
874 2705 909 2768 κέ
937 2706 972 2782 μ’
1000 2703 1108 2770 ἄῑςτον
1138 2705 1204 2769 ἀπ’
1225 2704 1282 2768 αἰ-

110 2809 234 2886 θέρος
256 2806 373 2885 έμβαλε
395 2807 521 2887 πόντῳ,
544 2826 559 2872 ε
581 2803 623 2868 50
652 2805 782 2886 (Ἑρμῆς)
820 2805 951 2885 Πιερίην
974 2806 1008 2869 δ’
1030 2805 1141 2886 ἐπιβὰς
1163 2807 1201 2874 ἐξ
1228 2805 1282 2871 αἰ-

110 2910 234 2988 θέρος
257 2907 372 2988 ἔμπεςε
395 2907 516 2992 πόντῳ.
562 2911 657 2989 Atque
680 2911 753 2970 haec
776 2900 895 2988 quidem
921 2910 1074 2970 hactenus.
1111 2909 1187 2980 Quid
1212 2929 1282 2970 vero

111 3023 160 3075 est
184 3009 312 3088 αἴθρη,
336 3030 392 3091 qua
417 3029 486 3072 voce
502 3018 622 3090 praeter
643 3011 722 3071 bunc
745 3009 781 3070 de
804 3029 863 3090 quo
886 3013 984 3089 agitur
1007 3029 1125 3071 versum
1149 3010 1196 3070 bis
1218 3017 1282 3071 tan·

110 3124 178 3176 tum
208 3113 356 3175 Homerus
382 3133 454 3174 usus
483 3113 546 3174 esti
574 3113 738 3193 Hesychius
768 3113 895 3192 explicat
924 3109 1044 3192 αἰθρία,
1073 3108 1153 3189 αὐγὴ
1183 3109 1282 3187 εὐδία,

111 3215 179 3292 ἀὴρ
202 3213 342 3291 καθαρός
365 3213 551 3294 (quamquam
575 3215 630 3274 boc
653 3215 773 3293 quidem
799 3216 897 3274 minus
912 3221 1009 3283 recte,
1033 3231 1099 3273 cum
1123 3216 1162 3274 sit
1184 3215 1284 3292 potius

111 3314 234 3394 αἰθήρ);
266 3316 370 3376 eodem
399 3317 487 3376 modo
510 3317 682 3377 Eustathius
711 3336 741 3395 p.
767 3313 858 3385 1121,
882 3311 932 3376 39.
956 3311 998 3376 45
1021 3313 1155 3397 λάμψις,
1184 3313 1283 3397 εὐδία,

112 3417 234 3495 αἰθρία;
262 3420 485 3478 accuratissime
502 3425 617 3478 verost
634 3420 787 3494 aptissime
805 3417 948 3478 Lehrsius
965 3416 982 3477 l.
1001 3417 1019 3476 l.
1035 3435 1063 3496 p.
1090 3413 1165 3478 170:
1190 3418 1282 3497 ‘quac

111 3525 187 3583 hinc
216 3520 356 3600 (aethere)
391 3521 519 3580 allicitur
548 3519 679 3590 claritas
712 3538 745 3579 ea
777 3526 822 3579 est
849 3515 970 3595 αἴθρη’,
1006 3521 1181 3597 gravissimo
1211 3539 1283 3581 usus

186 3653 229 3719 51)
248 3649 330 3708 Certe
348 3650 560 3704 Duentzerus
579 3651 691 3720 quidem
709 3665 765 3704 non
784 3649 988 3704 existimabitur
1006 3650 1078 3704 hane
1091 3649 1284 3719 quaestionem

112 3734 234 3792 solvisse
251 3734 297 3801 iis,
317 3751 389 3802 quae
408 3734 553 3789 adnotavit
570 3735 599 3788 in
617 3735 682 3788 edit.
707 3734 801 3790 Iliadis
819 3734 855 3788 ad
873 3734 899 3786 h.
917 3734 950 3788 l.:
980 3735 1040 3788 ‘der
1058 3734 1173 3789 Dichter
1189 3735 1283 3788 unter-

113 3819 244 3876 scheidet
262 3819 307 3872 die
325 3819 430 3872 hdhere
449 3817 639 3874 Himmelslut't
657 3819 769 3887 (αἰθήρ),
788 3819 817 3872 in
834 3818 938 3872 welche
957 3819 1007 3873 der
1020 3819 1120 3886 Olymp
1138 3820 1211 3889 magt,
1230 3835 1282 3874 von

113 3908 168 3960 der
194 3902 310 3958 niedern
338 3902 527 3968 Luflscbioht‚
554 3903 583 3956 in
609 3903 728 3958 welcber
755 3903 799 3956 die
826 3902 948 3957 Wolken
973 3903 1018 3956 ihr
1044 3902 1148 3956 Wesen
1174 3903 1284 3958 treiben
1343 3916 1345 3920 ’
1380 3967 1384 3976 ¹

114 3989 273 4058 (οὐρανός).
308 3987 360 4042 Die
379 3987 568 4041 Himmelslult
586 3988 663 4041 fiihrt
690 3987 740 4040 das
759 3987 830 4041 auch
858 3985 908 4040 der
925 3988 999 4040 Erdc
1026 3988 1082 4040 und
1108 3987 1171 4040 dem
1190 3986 1283 4040 Meere

112 4071 320 4128 zukommende
338 4070 460 4125 Beiwort
477 4074 530 4136 δῖα,
549 4063 718 4136 herrlich‚'
734 4070 785 4125 wie
797 4089 814 4124 τ
827 4077 885 4125 540,
903 4072 973 4125 Zeus
985 4071 1083 4124 sendet
1096 4070 1170 4124 diese
1182 4070 1283 4124 Wollre

113 4159 205 4223 eben,
228 4173 274 4208 um
292 4155 373 4210 einen
393 4155 486 4209 Sturm
509 4173 555 4209 am
577 4155 700 4217 Himmel
721 4173 755 4208 zu
778 4155 958 4210 verbreiten.’
996 4152 1072 4219 Quae
1095 4153 1285 4223 distinguendi

113 4239 193 4298 ratio
213 4239 504 4313 quibusgargumentis
521 4238 758 4311 nitaturffinescio.
