3112 4684
104 494 161 536 suo
185 493 246 535 non
270 473 411 534 defuisse.
457 471 558 552 ltaque
581 468 645 549 ἅμα
673 474 888 532 sententiarum
917 490 1032 532 conexu
1060 489 1119 531 non
1142 479 1201 532 tam
1225 490 1275 531 ne-

105 578 239 636 cessario
269 574 449 652 postulatur,
484 581 518 633 ut
550 573 654 634 abesse
687 592 775 650 posse
805 592 965 651 regemne,
999 577 1025 634 si
1052 581 1177 652 propter
1201 574 1274 634 elias

104 696 215 738 causas
237 678 268 737 iu
291 677 347 737 bac
370 695 441 737 voce
471 677 581 736 mutari
609 675 721 754 aliquid
749 694 872 736 necesse
901 677 948 736 sit.
992 675 1055 736 Hoc
1084 683 1182 735 autem
1209 676 1275 735 sieri

104 787 243 860 oportet,
268 796 337 846 cim
353 777 445 838 verbo
461 774 668 854 ἀναρριπτεῖν
684 780 748 838 sine
764 777 884 838 obiecto
901 777 1036 837 absolute
1051 779 1150 856 posito
1165 779 1275 838 merito

105 881 306 942 ollendamur.
359 879 432 940 Nam
461 877 636 940 Euslatbius
672 897 740 938 cum
767 897 796 957 p⁴
822 876 919 948 1651,
951 876 988 939 17
1018 879 1106 940 dicit:
1144 876 1206 958 δρα
1238 877 1276 940 τὸ

104 981 288 1059 ἀνέρριψαν
310 978 449 1042 ἐλλιπῶι
470 978 598 1056 λεχθέν·
628 977 772 1057 ἀλλαχοῦ
795 980 831 1042 δέ
860 982 888 1058 (ν
912 975 961 1059 78)
985 977 1121 1043 ἐντελῶι
1150 977 1276 1058 ἐγράφη

105 1081 340 1160 «ἀνερρίπτουν
363 1079 426 1144 ἅλα
448 1083 568 1163 πηδῷ»,
590 1082 784 1142 ollensionem
800 1083 963 1160 significat,
988 1099 1048 1142 non
1063 1082 1154 1153 tollit,
1179 1101 1275 1162 neque

106 1183 282 1270 Nitzschius
314 1202 412 1262 neque
440 1183 641 1254 buenuerus,
677 1187 730 1263 qui
765 1202 800 1244 ex
829 1182 970 1244 omnibus
998 1183 1168 1245 editoribus
1196 1202 1275 1244 nunc

24 1365 25 1370 η
105 1287 190 1346 solus
223 1283 287 1363 ἅμα
314 1287 456 1354 retinuit,
485 1287 626 1365 cuiquam
656 1285 891 1363 persuadebunt·
909 1285 986 1346 hanc
1014 1286 1132 1365 ellipsin
1166 1287 1275 1348 tolera·

104 1387 201 1448 bilem
234 1402 315 1454 esse,
351 1389 420 1466 quia
453 1405 535 1447 mare
564 1405 623 1448 non
651 1405 738 1465 posse
761 1407 822 1448 non
846 1387 981 1466 intellegi
1002 1388 1195 1449 manifestum
1225 1391 1274 1449 sit.

106 1489 186 1549 Huic
209 1491 290 1548 enim
313 1497 489 1566 argumento
519 1488 632 1567 aliquid
656 1489 752 1550 tribui
774 1496 891 1568 posset,
916 1491 942 1550 si
964 1490 1100 1550 eiusdem
1125 1490 1209 1551 verbi
1232 1494 1276 1552 sic

106 1593 247 1668 usurpati
269 1590 375 1650 crebra
404 1590 493 1650 nobis
521 1591 655 1668 exempla
683 1591 926 1670 suppeditarent,
962 1591 1042 1652 velut
1075 1591 1160 1652 verbi
1188 1611 1275 1654 causa

107 1690 259 1755 ἐλαύνειν
281 1693 559 1771 frequentissimum
583 1700 628 1752 est
650 1712 711 1753 non
733 1693 849 1754 adiecto
880 1689 983 1756 ἵππον
1013 1691 1079 1772 (cir.
1103 1693 1277 1772 Kruegerus

106 1812 151 1870 gr.
184 1811 228 1871 gr.
252 1792 265 1852 l
293 1789 395 1872 §52
418 1790 453 1863 2,
479 1791 524 1872 ll:
552 1813 633 1856 nunc
661 1813 730 1856 cum
756 1798 816 1855 tria
844 1794 922 1872 apud
952 1795 1114 1856 Homerum
1142 1797 1276 1876 exempla

107 1898 183 1964 sint,
208 1893 326 1954 duobus
349 1903 448 1954 autem
476 1898 507 1955 in
530 1895 666 1956 versibus
687 1917 707 1973 η
729 1893 792 1958 328
821 1905 851 1956 el
873 1914 892 1957 ν
915 1892 955 1956 78
984 1895 1071 1973 plene
1100 1898 1213 1960 dictum
1237 1903 1276 1960 sit

107 1993 318 2074 ἀναρριπτεῖν
340 1993 402 2058 ἅλα
424 1999 533 2079 πηδῷ,
562 2016 620 2058 non
644 2007 726 2058 recte
752 1998 871 2058 videtur
900 1998 1030 2058 insolens
1052 1999 1126 2060 haec
1148 2009 1178 2060 et
1201 2002 1276 2062 dura

108 2097 224 2177 ellipsis
245 2116 306 2158 uno
328 2097 393 2159 loco
416 2100 536 2176 agnosci
557 2119 656 2178 posse.
694 2100 818 2160 Scilicet
840 2099 944 2160 eadem
959 2102 1075 2162 ratione
1091 2101 1192 2162 dicere
1206 2103 1277 2163 licet

109 2203 201 2260 etiam
223 2197 370 2275 τύπτειν,
393 2200 472 2280 quod
496 2219 614 2280 semper
636 2201 787 2262 obiectum
802 2203 922 2262 asciscit
938 2198 1010 2281 (ἅλα
1032 2198 1162 2266 τύπτειν
1190 2201 1276 2281 ἐρετ-

108 2301 206 2382 pote),
230 2301 364 2363 absolute
388 2305 529 2382 usurpari
551 2321 653 2380 posse,
677 2303 730 2364 ubi
753 2321 834 2364 mare
850 2305 976 2381 cogitari
999 2322 1035 2363 ex
1058 2308 1276 2368 sententiarum

109 2421 189 2463 nexu
212 2411 243 2462 ct
265 2402 390 2464 consilio
414 2403 543 2474 eluceat,
567 2423 601 2466 ac
624 2405 676 2466 tali
699 2404 786 2466 modo
808 2407 857 2464 vix
880 2404 1074 2476 haberemus,
1105 2425 1180 2486 quos
1202 2410 1276 2470 fines

110 2523 144 2564 ac
176 2506 321 2564 terminos
355 2504 468 2584 ellipsis
500 2509 570 2567 usui
610 2509 870 2568 constitueremus.
922 2506 1021 2577 Quare
1057 2508 1150 2570 multo
1186 2513 1279 2572 satius

110 2606 202 2675 duco,
227 2624 295 2666 cum
317 2605 457 2667 omnibus
479 2609 542 2668 lere
566 2606 735 2670 editoribus
757 2609 972 2670 recentissimis
993 2617 1023 2669 et
1045 2629 1113 2671 cnm
1135 2610 1276 2692 Kaysero,

109 2709 163 2786 qui
179 2707 290 2768 Philol.
312 2705 403 2768 XVlll
430 2727 459 2787 p.
489 2705 552 2770 665
584 2710 620 2770 dc
649 2711 705 2772 boc
727 2728 816 2770 versu
837 2710 923 2771 docte
958 2711 1135 2788 disputavit,
1167 2712 1276 2774 Rhiaui

110 2807 353 2870 emendationem
380 2808 523 2887 probare,
552 2830 641 2891 quam
669 2810 732 2890 ἅμα
760 2813 871 2872 lrustra
899 2813 1081 2881 defendere,
1111 2814 1190 2893 quod
1217 2834 1277 2876 non

110 2913 222 2970 mirum
246 2913 372 2971 ostiam
396 2913 613 2989 antiquissimis
634 2913 822 2993 temporibus
845 2933 881 2976 ex
902 2911 964 2976 ἅλα
986 2921 1087 2974 natum
1110 2934 1186 2985 esse,
1210 2935 1277 2978 cnm

109 3009 135 3074 Λ
161 3011 275 3073 duobus
296 3010 322 3073 Α
343 3014 560 3076 circumdatum
581 3016 668 3076 saeile
691 3015 808 3076 oculum
836 3016 976 3094 decipere
1004 3025 1034 3076 et
1061 3035 1129 3078 cum
1152 3016 1185 3080 Μ
1208 3036 1277 3078 con·

110 3113 196 3173 fundi
219 3115 359 3190 potuerit.

197 3201 223 3276 ιι
239 3211 310 3275 188.
355 3215 387 3276 ln
409 3216 538 3278 insulam
560 3219 664 3280 Circes
686 3237 754 3280 cum
776 3219 980 3290 advenissent,
1004 3219 1103 3281 Vlixes
1126 3223 1275 3282 sociorum
1283 3226 1330 3290 40

112 3318 251 3376 contione
274 3316 415 3378 advocata
438 3318 509 3398 quid
534 3321 679 3399 optimum
701 3322 782 3382 lactu
804 3329 883 3382 esset
907 3321 1081 3382 declaravit:

159 3414 219 3478 185
239 3415 320 3496 ἦμοι
344 3415 377 3479 δ’
398 3415 507 3495 ἠέλιοι
528 3419 643 3484 κατέδυ
666 3422 717 3484 καὶ
739 3421 792 3485 ἐπὶ
813 3421 936 3502 κνέφαι
957 3419 1070 3503 ἢλθεν,

241 3519 280 3596 δὴ
303 3517 375 3583 τότε
398 3520 589 3600 κοιμήθημεν
610 3521 665 3584 ἐπὶ
688 3521 813 3602 ῥηγμῖνι
835 3524 998 3603 θαλάιιηι,

241 3619 321 3698 ἦμοι
343 3620 377 3684 δ’
402 3620 562 3699 ἠριγένεια
584 3623 673 3702 φάνη
696 3622 934 3702 ῥοδοδάκτυλοι
957 3626 1054 3707 Ἠώι,

240 3722 303 3785 καὶ
323 3720 394 3786 τότ’
416 3721 501 3798 ἐγὼν
525 3723 648 3803 ἀγορὴν
671 3725 805 3805 θέμενοι
827 3729 906 3806 μετὰ
928 3731 1044 3792 πᾶιιν
1067 3727 1187 3793 ἔειπον.

115 3824 213 3886 Schol.
235 3822 360 3888 Ῥιανόι
383 3826 429 3902 δὴ
452 3825 522 3888 τότ’
550 3826 635 3901 ἐγὼν
658 3825 781 3906 ἀγορὴν
805 3829 938 3909 θέμενοι
965 3830 1043 3908 μετὰ
1074 3831 1198 3907 μῦθον
1221 3830 1279 3896 ἔει-

115 3944 190 3990 πον.
217 3926 253 3986 Η.
292 3927 365 3988 Cum
399 3924 494 3989 ι168
517 3947 581 4008 sqq.
613 3929 704 3991 iidem
738 3949 842 3992 versus
869 3933 974 3994 eodem
1006 3933 1110 3993 ordine
1132 3932 1278 4011 legantur,

115 4029 249 4090 Rhianus
271 4029 335 4089 sine
358 4027 451 4090 dubio
473 4030 543 4092 huic
566 4049 684 4110 quoque
707 4035 807 4094 versui
830 4035 956 4095 eandem
978 4037 1173 4096 mutationem
1196 4035 1280 4096 adhi-

116 4130 218 4190 buisse
244 4130 394 4207 putandus
424 4140 484 4211 est,
514 4151 582 4194 nam
604 4135 635 4194 hi
659 4134 716 4194 loci
744 4137 868 4196 nonita
895 4138 975 4196 inter
1003 4155 1035 4196 se
1064 4134 1220 4205 differunt,
1249 4146 1282 4198 ut

117 4231 197 4312 quod
217 4231 264 4292 hic
287 4239 353 4310 apte
369 4235 499 4311 positum
514 4253 580 4296 esse
603 4235 751 4307 videatur,
776 4237 837 4298 illic
852 4238 927 4298 male
951 4245 981 4298 et
995 4254 1153 4317 perperam
1169 4237 1281 4302 dictum

962 4353 966 4362 ·
1114 4341 1129 4390 6
