3124 4682
733 222 883 320 La*

227 415 306 478 ςίοιο
330 412 423 494 αἴγλη
446 411 671 494 παμφανόωςα
698 413 748 474 δι’
777 411 939 492 αἰθέρος
967 410 1111 489 οὐρανὸν
1140 409 1207 476 ἷκεν
1231 422 1261 474 et
1285 412 1308 476 Ρ
1328 410 1394 476 425

227 516 382 594 ςιδήρειος
405 515 587 595 ὀρυμαγδὸς
615 513 753 593 χάλκεον
784 512 925 592 οὐρανόν
952 512 1000 577 ἷκε
1027 512 1079 578 δι’
1108 512 1269 593 αἰθέρος
1297 513 1394 593 άτρυ-

226 619 351 699 γέτοιο,
374 618 426 679 ubi
449 636 524 696 quae
547 617 616 676 inde
640 637 655 677 a
680 625 761 678 terra
784 619 814 677 in
838 614 982 693 οὐρανόν
997 615 1170 696 penetrant,
1194 637 1249 697 per
1271 618 1393 678 aethera

229 728 342 790 meant;
366 721 419 780 clr.
436 714 645 780 atiamT350.
670 717 751 778 Hanc
767 717 805 779 ob
821 737 939 780 causam
961 718 1092 779 aether
1113 721 1270 798 propius
1286 719 1397 782 abest

229 843 245 884 a
260 829 362 882 terra
379 839 466 900 quam
484 817 659 896 οὐρανός
676 827 705 880 et
720 819 756 881 ab
773 819 945 880 hominibus
961 821 1091 898 conspici
1115 827 1226 898 potest,
1256 839 1323 882 cum
1338 841 1395 882 nu·

230 925 297 992 bes,
322 939 397 1001 quae
420 921 494 982 caeli
517 928 620 1000 portae
643 918 832 1000 appellantur
856 919 920 998 (clr.
945 916 1053 982 Ε749.
1071 919 1096 982 Θ
1113 917 1175 982 393
1199 940 1266 982 cum
1289 921 1394 1002 schol.)

230 1026 370 1086 disiectae
394 1031 476 1083 sunt:
500 1022 532 1085 Π
553 1019 617 1082 300
640 1031 668 1084 et
691 1021 717 1083 Θ
740 1019 802 1084 558
826 1019 860 1084 ἐκ
881 1021 913 1084 τ’
936 1019 1058 1100 ἔφανεν
1081 1023 1176 1085 πᾶςαι
1199 1022 1323 1086 ςκοπιαί
1344 1025 1398 1087 καὶ

229 1124 379 1204 πρώονες
400 1121 492 1202 ἄκροι
513 1122 564 1186 καὶ
585 1121 701 1204 νάπαι,
730 1121 908 1201 οὐρανόθεν
928 1121 962 1184 δ’
989 1121 1045 1200 ἄρ’
1073 1122 1236 1202 ὑπερράγη
1259 1121 1397 1189 ἀςπετος

231 1225 359 1308 αἰθήρ,
382 1234 412 1287 et
436 1225 458 1288 Ρ
479 1223 535 1286 371
565 1223 594 1288 οἱ
618 1223 651 1287 δ’
673 1223 765 1288 ἄλλοι
789 1224 897 1302 Τρῶες
918 1224 969 1287 καὶ
991 1223 1174 1304 ἐυκνήμιδες
1195 1225 1316 1304 Ἀχαιοὶ
1344 1224 1397 1290 εὔ-

230 1331 322 1406 κηλοι
344 1326 518 1405 πολέμιζον
546 1324 612 1388 ὑπ’
639 1324 782 1406 αἰθέρι,
811 1325 955 1390 πέπτατο
990 1325 1023 1389 δ’
1051 1322 1133 1404 αὐγή
1161 1326 1270 1402 ἠελίου
1298 1325 1398 1410 ὀξεῖα,

225 1428 334 1508 νέφος
363 1427 396 1490 δ’
426 1426 465 1490 οὐ
489 1427 624 1506 φαίνετο
652 1427 754 1505 πάςης
781 1426 872 1505 γαίης
900 1425 974 1490 οὐδ’
1004 1425 1120 1506 ὀρέων.
1159 1429 1253 1488 Simul
1283 1449 1320 1490 ex
1349 1431 1399 1492 his

231 1531 371 1591 versibus
386 1532 573 1590 manifestum
591 1537 649 1601 est,
666 1528 777 1607 αἰθέρα
788 1533 911 1609 cogitari
928 1550 986 1590 non
1001 1549 1089 1610 posse
1105 1533 1163 1591 nisi
1179 1549 1297 1610 puram,
1315 1551 1398 1592 sere·

232 1653 315 1702 nam,
340 1639 460 1694 aeterna
483 1633 550 1691 luce
573 1631 796 1710 splendentem,
821 1651 876 1692 nec
899 1631 1030 1693 nubibus
1051 1651 1107 1692 nec
1129 1633 1225 1693 imbre
1249 1653 1304 1693 nec
1326 1653 1399 1694 ven·

232 1737 271 1794 tis
303 1733 467 1807 turbatam,
502 1739 535 1792 ut
557 1732 689 1794 Eustath.
720 1753 749 1812 p.
774 1730 845 1804 729,
868 1730 911 1794 34
941 1731 960 1795 ὁ
993 1731 1197 1811 ὑψηλότατος
1230 1733 1281 1796 καί
1313 1733 1400 1814 φωτὶ

232 1831 437 1913 λαμπόμενος
465 1831 525 1911 ἀήρ
549 1841 578 1893 et
602 1831 697 1904 1110,
721 1832 778 1904 23,
797 1835 865 1895 ὐἰιί
897 1832 1007 1912 αἰθέρα
1035 1839 1174 1914 usurpari
1204 1837 1317 1898 indicat
1347 1835 1400 1899 ἐπὶ
1465 1899 1471 1906 ,

233 1933 355 2014 αἰθρίας
377 1935 426 1998 καὶ
448 1935 589 2010 καθαροῦ
611 1933 661 1997 καὶ
684 1933 848 2015 ἀνεφέλου
877 1933 973 2016 ἀέρος
996 1935 1076 2016 παρ’
1104 1935 1247 2020 Ὁμήρῳ,
1278 1936 1340 2016 ἀήρ
1363 1937 1400 2000 δὲ

232 2037 252 2116 ἡ
276 2035 409 2115 ἀοραςία
431 2035 483 2101 καὶ
505 2035 669 2118 ςκότωςις,
694 2038 871 2119 quibuscum
895 2041 1032 2100 conferre
1061 2042 1142 2100 iuvat
1169 2041 1332 2100 locutiones
1355 2048 1401 2101 sat

234 2145 407 2221 frequentes
430 2137 571 2216 ἐκάλυψε
594 2137 628 2202 δ’
650 2136 706 2218 ἀρ’
728 2139 797 2218 ἠέρι
819 2142 925 2224 πολλῇ
950 2140 980 2220 (Γ
1002 2137 1074 2219 381)
1104 2149 1134 2202 et
1156 2140 1238 2204 κατὰ
1259 2139 1293 2203 δ’
1319 2138 1402 2218 ἠέρα

234 2241 360 2306 πουλὺν
383 2240 494 2319 ἔχευεν
512 2240 548 2320 (Θ
569 2237 620 2322 50)
637 2249 667 2302 et
689 2261 774 2303 usum
791 2243 1004 2303 adiectivornm
1021 2245 1255 2304 notissimorum
1266 2240 1401 2323 ἠερόεις,

235 2346 312 2426 quod
341 2351 387 2404 est
415 2343 532 2404 Tartari
561 2343 714 2422 epitheton
744 2342 769 2405 Θ
800 2340 856 2411 13,
891 2339 1071 2420 ἠεροειδής,
1100 2345 1178 2423 quod
1208 2345 1244 2404 de
1271 2344 1402 2405 obscuro

234 2449 325 2508 maris
348 2446 446 2505 colore
469 2443 499 2506 Ψ
522 2442 599 2512 744,
624 2445 659 2505 de
683 2453 768 2505 antro
782 2443 980 2505 tenebricoso
1003 2465 1023 2523 μ
1046 2442 1088 2506 80
1109 2455 1284 2526 usurpatur,
1307 2445 1401 2524 ἠερο-

236 2549 360 2628 φοίτις,
384 2565 440 2625 qua
465 2544 663 2625 appellatione
691 2547 799 2627 Erinys
823 2546 829 2608 Ι
853 2545 913 2608 571
946 2555 975 2608 et
997 2545 1022 2609 Τ
1044 2545 1083 2608 87
1114 2547 1311 2610 describitur:
1345 2551 1401 2610 clr.

236 2647 434 2711 Doederliuus
463 2648 601 2725 glossarii
629 2649 642 2708 l
669 2666 696 2726 p.
720 2645 741 2710 5
761 2669 805 2728 sq.
834 2669 862 2709 n.
891 2646 911 2709 6
940 2656 970 2710 et
997 2646 1073 2728 7.⁵⁰)
1118 2649 1196 2710 Hine
1226 2652 1316 2710 etiam
1350 2651 1403 2712 lux

237 2753 360 2815 affertur
382 2752 482 2810 versui
506 2749 531 2812 Θ
554 2747 616 2812 556
639 2747 684 2812 ὡς
707 2749 740 2812 δ’
763 2749 815 2814 ὅτ’
837 2749 872 2814 ἐν
896 2749 1027 2833 οὐρανῷ
1049 2749 1146 2829 άςτρα
1161 2747 1298 2830 φαεινὴν
1321 2749 1404 2830 ἀμφὶ

153 2865 154 2868 ’
237 2852 372 2930 ςελήνην
410 2849 540 2931 φαίνετ’
576 2849 769 2934 ἀριπρεπέα,
808 2849 862 2915 ὅτε
884 2851 919 2915 τ’
955 2850 1071 2916 ἔπλετο
1104 2852 1242 2930 νήνεμος
1276 2851 1403 2932 αἰθήρ,

236 2955 342 3019 πάντα
364 2952 399 3016 δέ
421 2953 453 3015 τ’
475 2949 590 3016 εἴδεται
612 2951 721 3032 ἄςτρα·
744 2954 858 3032 γέγηθε
881 2954 917 3018 δέ
938 2974 973 3018 τε
989 2953 1095 3035 φρένα
1114 2954 1234 3034 ποιμήν
1257 2961 1325 3025 cet,
1349 2954 1406 3016 ubi

236 3077 291 3140 per
313 3057 517 3137 pleonasmum
539 3057 604 3116 voci
626 3054 718 3134 αἰθήρ
749 3057 900 3136 epitheton
929 3056 1068 3136 νήνεμος
1089 3057 1248 3126 tribuitur,
1278 3063 1310 3116 ut
1332 3057 1405 3118 inde

237 3179 296 3220 non
319 3159 407 3220 liceat
430 3157 623 3228 concludere,
653 3155 763 3236 αἰθέρα
792 3160 878 3220 etiam
907 3157 1101 3236 ἠνεμόεςςαν
1130 3159 1190 3220 dici
1211 3177 1309 3238 posse.
1348 3159 1405 3220 Cui

237 3265 283 3323 rei
306 3281 365 3322 non
388 3261 557 3338 refragatur
580 3280 599 3322 ο
622 3256 685 3322 293
707 3261 806 3323 τοῑςιν
829 3259 862 3322 δ’
883 3257 1014 3339 ἴκμενον
1031 3258 1133 3338 οὖρον
1154 3257 1195 3323 ier
1217 3261 1406 3335 γλαυκῶπις

238 3361 368 3444 Ἀθήνη,
395 3359 515 3440 λάβρον
539 3360 743 3436 ἐπαιγίζοντα
764 3360 810 3430 δι’,
837 3360 981 3442 αἰθέρος,
1009 3382 1077 3424 nam
1105 3396 1147 3406 -
1173 3370 1207 3423 ut
1235 3364 1406 3422 rectissime

239 3465 408 3526 observavit
424 3463 566 3523 Lehrsius
582 3463 602 3524 l.
618 3465 637 3524 l.
654 3483 683 3542 p.
700 3459 811 3524 170-
828 3463 895 3525 ‘hoc
912 3464 948 3524 de
972 3465 1120 3525 industria
1134 3466 1265 3543 positum
1287 3473 1348 3533 est,
1373 3471 1408 3524 ut

238 3567 445 3645 intellegamus
479 3565 601 3634 acriter,
642 3565 692 3626 sed
726 3567 855 3628 iucunde
883 3566 1010 3626 ‘dantem
1045 3574 1165 3626 ventum
1196 3567 1287 3626 luisse
1321 3567 1406 3626 caelo

240 3688 347 3730 sereno
369 3685 475 3727 navem
498 3667 636 3727 celeriter
658 3667 882 3748 impellentem!
920 3667 976 3728 Sed
1001 3674 1141 3747 quattuor
1163 3674 1278 3727 restant
1300 3685 1406 3728 versus

239 3773 290 3850 qui
314 3785 402 3846 aegre
431 3770 598 3848 dirigantur
627 3769 662 3830 ad
692 3771 768 3830 hano
794 3769 1013 3850 interpretandi
1041 3788 1176 3829 normam
1204 3787 1237 3828 ac
1261 3769 1405 3846 regulam,

240 3891 307 3932 cum
330 3871 434 3932 aether
457 3878 487 3931 et
510 3876 560 3931 adr
587 3873 667 3931 inter
694 3891 725 3933 se
755 3873 895 3934 conlundi
924 3871 1095 3933 videantur:
1125 3889 1193 3930 nam
1216 3869 1242 3931 Ο
1265 3867 1321 3941 20,
1352 3871 1407 3934 ubi

306 4109 348 4171 50)
369 4103 424 4158 err.
444 4104 529 4160 etiam
547 4104 632 4159 schol.
653 4105 690 4160 ad
708 4106 792 4175 Soph.
816 4106 858 4160 m.
876 4111 908 4160 87
931 4105 1095 4172 «ἰςόμοιρον
1117 4105 1148 4158 δέ
1165 4107 1217 4172 γῆς
1235 4103 1326 4172 ἀέρα»
1344 4108 1410 4162 τόν

239 4191 365 4244 ςκότον
383 4189 478 4258 φηςίν,
496 4190 544 4244 ἵνα
561 4191 596 4244 τὸ
614 4191 706 4258 ((φάος
719 4191 825 4257 ἁγνὸν»
844 4190 1110 4258 ἀντιδιαςτέλληται.
