3124 4682
695 305 737 374 33

642 399 792 406 *ου-.-

133 503 326 580 relragantur
354 503 433 563 enim
462 501 506 562 illi
534 519 638 562 versus
665 501 732 563 loco
756 498 779 561 Ρ
800 496 863 560 408
882 517 963 580 sqq„
990 497 1043 562 ubi
1066 497 1169 562 Thetis
1198 507 1300 581 aperto

133 612 263 683 negatur
285 604 346 664 tilio
369 611 496 664 mortem
519 603 647 665 Patrocli
669 603 865 684 praedixisse:
888 600 1025 666 πολλάκι
1045 601 1107 680 γὰρ
1128 600 1204 678 τόγε
1228 602 1300 678 (scil.

134 725 166 767 se
190 715 259 768 ante
282 706 435 766 interitum
459 705 566 766 Troiae
588 707 758 784 periturum
780 705 856 788 csse)
877 703 996 783 μητρὸε
1018 702 1171 767 ἐπεύθετο
1186 702 1301 781 νόεφιν

134 803 284 888 ἀκούων,
312 805 332 883 ἥ
361 804 391 868 οἱ
418 804 655 881 ἀπαγγέλλεεκε
677 805 759 870 Arda
786 805 940 884 μεγάλοιο
968 803 1083 884 νόημα.
1111 806 1150 883 δὴ
1172 803 1245 868 τότε
1266 803 1302 879 γ’
1337 801 1342 809 ’

135 907 181 970 οὔ
205 907 242 970 οἱ
270 906 378 972 ἔειπε
406 908 504 972 κακὸν
533 907 648 984 τάεον,
677 905 772 972 dcccv
800 907 932 990 ἐτύχθη,
960 907 1077 989 μήτηρ,
1107 905 1174 971 ὅττι
1202 905 1243 984 ῥά
1271 904 1303 969 ol

133 1009 221 1073 πολὺ
245 1008 398 1089 φίλτατοι
420 1009 519 1074 ὤλεθ’
541 1009 676 1090 ἑταῖροί.
715 1009 777 1072 llac
799 1013 892 1090 igitur
913 1012 1111 1090 repugnantia
1134 1012 1161 1071 si
1183 1018 1302 1090 poetam

112 1113 266 1174 'liberare
288 1113 394 1185 voluit,
424 1115 523 1174 lacere
546 1131 607 1174 non
634 1115 744 1193 potuit,
774 1114 845 1193 quin
868 1111 1012 1174 alterutro
1040 1113 1106 1174 looo
1133 1112 1303 1192 complures

133 1233 241 1276 versus
264 1218 392 1277 eiceret:
416 1215 502 1276 eiecit
524 1222 622 1276 autem
646 1211 725 1276 (10
747 1224 776 1276 et
800 1211 853 1285 11,
878 1216 947 1296 quia
968 1215 1078 1276 mirum
1100 1232 1165 1276 esse
1188 1214 1302 1285 debuit,

135 1319 216 1398 quod
244 1318 389 1388 Achilles,
418 1335 485 1379 cum
515 1317 640 1379 amicum
670 1318 732 1378 suis
760 1319 850 1377 armis
879 1320 1058 1378 instructum
1087 1335 1154 1377 cum
1183 1315 1302 1398 Myrmi·

136 1419 267 1482 donibus
296 1423 328 1481 in
355 1437 485 1500 pugnam
513 1422 560 1480 ire
589 1427 756 1499 pateretur,
786 1437 889 1480 eorum
918 1438 994 1499 quae
1022 1419 1125 1480 Thetis
1154 1419 1303 1498 quondam

135 1521 342 1602 praedixerat,
371 1541 431 1584 non
454 1521 628 1583 recordatus
650 1529 724 1582 erat.
771 1521 829 1581 Sed
857 1529 919 1581 tum
949 1521 1055 1582 codem
1082 1521 1194 1582 iudicio
1222 1521 1303 1582 dam·

135 1626 218 1685 navit
241 1625 331 1685 etiam
354 1643 381 1684 v.
403 1620 481 1699 409,
507 1641 566 1704 quo
588 1626 693 1684 matris
708 1624 879 1684 vaticinatio
894 1623 1057 1693 indicatur,
1080 1630 1113 1684 ut
1135 1625 1167 1683 in
1189 1622 1302 1683 scholio

135 1743 191 1806 pro
216 1722 276 1786 οὐκ
296 1723 375 1802 ῆεαν
399 1722 430 1787 οἱ
453 1721 478 1804 β’
501 1725 713 1803 corrigendum
736 1727 775 1786 sit
797 1721 827 1786 οἱ
854 1721 897 1804 γ’;
933 1741 1112 1805 quamquam
1140 1724 1217 1786 hanc
1239 1741 1302 1784 rem

136 1837 169 1888 ut
190 1846 299 1907 parum
321 1828 485 1888 certamin
508 1845 652 1906 suspenso
674 1828 845 1908 relinquere
868 1829 961 1887 tutius
983 1829 1050 1886 erit.

222 1934 248 1992 h·
266 1925 441 1990 158—160.
473 1929 583 1990 Helena
599 1929 825 2000 Telemachum,
848 1931 899 2008 qui
916 1929 1039 2008 Spartae
1063 1945 1130 1989 curn
1146 1923 1332 1990 Pisistrato2

137 2033 270 2112 hospitio
294 2037 434 2110 acceptus
457 2039 516 2101 est,
546 2031 712 2110 conspicata
743 2034 843 2091 statim
871 2038 997 2109 propter
1019 2033 1126 2091 miram
1149 2033 1214 2092 eius
1236 2049 1303 2091 cum

137 2141 221 2216 patre
245 2133 469 2194 similitudinem
492 2149 560 2193 eum
583 2131 674 2193 Vlixis
695 2131 788 2193 hlium
812 2151 877 2192 esse
900 2134 1027 2202 conicit;
1051 2133 1098 2191 cui
1114 2135 1304 2194 coniecturae

137 2235 290 2297 Menelaus
311 2233 399 2314 plane
423 2236 598 2305 assentitur,
623 2235 691 2314 quia
719 2237 783 2314 ipse
811 2233 904 2294 Vlixis
926 2234 1077 2294 mentione
1106 2234 1183 2295 iacta
1205 2233 1304 2314 hospi·

137 2347 198 2412 tem
225 2337 364 2397 lacrimas
392 2337 567 2398 fundentem
600 2336 682 2396 vidit.
728 2336 803 2396 Tum
838 2353 908 2396 vero
936 2334 1107 2396 Pisistratus
1134 2335 1305 2396 Telemachi

136 2457 285 2518 suumque
308 2455 416 2500 nomen
439 2457 498 2499 non
521 2438 648 2517 amplius
671 2439 828 2499 tacendum
852 2453 916 2498 csse
939 2445 1021 2498 ratus
1042 2437 1116 2498 haec
1139 2437 1226 2498 dicit:

182 2537 243 2600 156
293 2538 433 2618 Ἀτρείδη
458 2539 603 2604 Μενέλαε
626 2539 812 2618 διοτρεφές,
835 2534 957 2618 ὄρχαμε
979 2540 1082 2620 λαῶν,

291 2641 399 2705 κείνου
422 2640 479 2721 μέν
501 2639 628 2705 τοιάδ’
650 2639 719 2704 uide
741 2639 897 2720 ἐτήτυμον
904 2689 913 2723 ,
938 2641 983 2704 ὡ(
1006 2638 1185 2718 ἀγορεύειε·

292 2741 375 2806 ἀλλὰ
399 2741 551 2822 εαόφρων
574 2741 651 2820 dcci,
673 2745 856 2821 repectione
876 2741 911 2804 o'
933 2741 981 2806 ἐνί
1002 2746 1091 2826 θυμῷ

293 2841 355 2907 ὧδ’
377 2845 480 2910 ἐλθὼν
502 2845 539 2908 τό
554 2849 687 2922 πρῶτον
702 2843 889 2924 έπεεβολίαε
911 2842 1103 2922 ἀναφαίνειν

183 2945 245 3010 160
296 2943 377 3010 άντα
400 2946 505 3029 εέθεν,
528 2949 586 3010 τοῦ
609 2949 669 3011 νῶι
691 2949 767 3009 θεοῦ
790 2945 835 3009 dac
857 2945 1031 3025 τερπόμεθ’
1052 2944 1142 3026 αὐδῇ.

292 3045 394 3125 αὐτὰρ
417 3047 472 3127 ἐμὲ
493 3048 631 3127 προέηκε
656 3047 804 3126 Γερήνιος
825 3045 945 3111 ἱππότα
968 3046 1097 3125 Νέετωρ

292 3156 338 3233 τῷ
361 3147 424 3229 άμα
446 3151 578 3230 πομπόν
601 3149 741 3214 ἕπεεθαι·
771 3148 900 3212 ἐέλδετο
922 3148 984 3227 γάρ
1007 3167 1040 3212 cc
1062 3147 1179 3211 ἰδέεθαι
1202 3157 1257 3209 cet.

138 3253 185 3314 hd
213 3253 288 3313 haec
318 3253 456 3314 adnotata
484 3261 568 3314 sunt:
598 3251 657 3316 οὐκ
685 3249 844 3330 ἐφέροντο
878 3250 913 3314 ἑν
941 3257 980 3333 τῇ
1007 3251 1135 3315 Ῥιανοῦ
1164 3248 1195 3312 ol
1221 3250 1306 3326 τρεῖε

139 3354 239 3431 ετίχοι
268 3353 333 3435 (Η),
363 3357 486 3434 eiusque
517 3356 660 3416 athetasis
687 3372 794 3415 causae
823 3355 887 3414 sine
915 3352 1006 3414 duhio
1034 3353 1223 3414 declarantur
1251 3352 1307 3412 hoc

139 3456 252 3517 scholio
276 3454 386 3516 altero:
411 3454 493 3518 ἀλλὰ
516 3454 687 3534 εαόφρων·
717 3453 805 3530 παρὰ
827 3453 867 3517 τὰ
888 3451 1006 3532 πάτρια
1028 3453 1080 3518 καὶ
1107 3452 1168 3532 οὐχ
1191 3451 1306 3532 ἁρμότ-

138 3577 239 3621 τοντα
265 3561 312 3640 τῷ
332 3555 560 3636 Πειειετράτου
587 3556 765 3638 προεώπῳ·
803 3555 853 3618 καὶ
880 3555 918 3619 τό
940 3555 1122 3634 νεμεεεᾶται
1152 3554 1222 3618 ἀντὶ
1249 3557 1307 3616 coit

138 3659 275 3722 αἰδεῖται
298 3657 359 3737 οὐχ
380 3658 566 3740 Ὁμηρικῶς.
589 3657 639 3722 καὶ
661 3657 692 3721 αἱ
714 3656 893 3736 ἐπεεβολίαι
915 3657 1049 3732 γελοῖαι.
1073 3655 1148 3721 ὅθεν
1163 3653 1307 3733 Ζηνόδο-

138 3779 196 3825 τοε
219 3763 398 3839 μεταποιεῖ·
422 3761 602 3840 ἐπιετομίαε
631 3758 821 3839 ἀναφαίνειν
851 3757 905 3837 (Q).
943 3761 1016 3821 Cum
1039 3768 1136 3820 antem
1161 3777 1197 3818 ex
1219 3761 1309 3819 tertio

139 3863 255 3925 scholio
290 3864 403 3924 eisdem
439 3864 487 3924 his
517 3863 655 3924 versibus
682 3864 826 3941 ascripto:
871 3859 1059 3925 ἀθετοῦνται
1086 3859 1182 3924 πέντε
1210 3859 1309 3937 ετίχοι

140 3964 187 4028 ὼε
209 3964 352 4042 περιττοί
374 3965 425 4028 καί
447 3964 511 4028 ὑπὸ
535 3964 613 4029 νέου
635 3963 817 4028 παντάπαει
839 3961 981 4037 λέγετθαι
1010 3959 1173 4040 άπρεπεῑε.
1203 3961 1239 4041 (Η
1261 3960 1307 4038 Q).

140 4065 248 4132 ἄλλως
271 4085 305 4129 τε
336 4065 412 4128 οὐδὲ
442 4065 755 4146 εομβοολευεόμενοε
781 4069 827 4147 τῷ
851 4063 1009 4146 Μενελάῳ
1036 4063 1202 4144 πάρεετιν,
1232 4058 1308 4122 ἀλλ’

141 4167 171 4231 εἴ
191 4189 263 4233 τινα
285 4167 448 4246 κληηδόνα
469 4168 592 4246 πατρὸς
620 4167 742 4231 ένίεποι
771 4166 816 4245 (Q)
839 4183 1065 4244 cognoscamus,
1095 4164 1169 4224 alios
1191 4181 1308 4242 quoque

142 4273 368 4349 grammaticos
406 4273 439 4331 in
475 4271 522 4332 his
560 4271 779 4340 Aristarchum,
817 4270 901 4329 cuius
938 4268 1017 4329 obeli
1054 4268 1101 4327 his
1138 4265 1239 4326 verbis
1271 4264 1308 4324 ah

1090 4371 1106 4418 3
