3112 4684
746 284 897 381 *ἓὸ-
985 240 989 252 .

239 483 264 540 si
288 487 420 558 spectes,
452 474 591 556 έμπεδοε
620 477 743 554 proprie
773 483 818 535 est
845 471 880 538 έν
907 472 997 555 πέδῳ
1025 456 1074 536 ὤν
1101 477 1162 534 sive
1190 471 1413 552 πεπηγμένοε,

239 587 270 643 in
294 583 357 642 solo
380 588 461 641 stans
484 580 545 638 sive
568 577 660 638 fixus:
684 579 784 656 itaque
808 576 844 635 de
867 593 953 636 muro
982 576 1095 636 dicitur
1124 575 1156 638 Μ
1178 571 1208 635 9.
1232 570 1272 634 12
1298 575 1414 650 τεῖχος

238 683 376 761 Ἀχαιῶν
399 679 556 759 ἔμπεδον,
585 679 674 738 etde
698 676 836 738 columna
866 673 975 737 Ρ434
1004 673 1084 740 dicre
1114 675 1208 754 (πήδη
1237 675 1324 754 μένει
1352 674 1413 753 έμ-

239 786 355 858 neiron,
380 781 434 842 nbi
457 783 521 840 eius
544 798 727 859 synonymon
751 787 795 838 est
811 776 981 856 deculcare
1005 778 1041 857 (v.
1056 773 1143 856 436),
1168 779 1204 838 de
1220 779 1312 838 Vlixis
1327 779 1412 838 lecto

239 889 270 946 in
294 885 388 945 olivae
411 890 519 942 trunco
542 880 663 941 condito
687 901 712 958 ψ
735 877 799 942 203
822 876 850 942 εἴ
877 897 930 957 μοι
953 877 1002 942 ἔτ’
1031 878 1172 958 ἔμπεδόν
1194 877 1272 954 ieri,
1301 877 1413 961 γύναι,

240 986 345 1063 λε’χοε.
392 983 486 1044 lllnlto
509 985 629 1061 saepius
652 983 794 1044 translate
811 983 923 1042 dicitur
945 982 982 1042 de
1005 985 1058 1058 iis,
1084 1001 1160 1062 quae
1181 984 1266 1061 qnasi
1289 985 1320 1042 in
1343 982 1413 1042 solo

240 1091 297 1149 fixa
321 1089 435 1146 moveri
459 1093 510 1145 aut
542 1087 653 1144 mutari
681 1103 740 1144 non
763 1091 903 1163 possunt:
942 1093 974 1143 ut
1002 1086 1196 1161 coniungitur
1224 1103 1292 1144 cum
1320 1083 1414 1160 χρώ(

240 1188 266 1252 Τ
288 1185 344 1258 33,
370 1187 420 1248 ubi
443 1187 548 1248 Thetis
570 1185 678 1247 Achilli
696 1184 875 1263 pollicetur,
899 1185 1030 1246 Patrocli
1053 1205 1163 1264 corpus
1185 1189 1412 1265 incorruptum,

241 1294 409 1368 integrum,
433 1289 584 1348 incolume
607 1305 781 1347 mansurum
804 1305 884 1347 esse:
916 1283 976 1348 αἰεὶ
997 1285 1078 1370 τῷδ’
1101 1284 1185 1349 ἕαται
1207 1287 1294 1364 χρὼς
1316 1283 1413 1363 ἔμπε-

242 1395 316 1472 boc,
340 1400 369 1450 et
393 1409 462 1450 cum
485 1388 564 1466 γέρα
588 1388 594 1450 l
619 1386 696 1457 335,
721 1388 773 1447 ubi
797 1387 895 1448 abiis
924 1407 999 1468 quae
1028 1395 1195 1467 sequuntur
1223 1391 1333 1467 accipit
1356 1407 1413 1448 ex·

243 1493 454 1574 plicationem:
478 1488 561 1552 dito
583 1489 618 1552 δ’
640 1488 812 1566 ἀριετήεεα
833 1486 925 1552 δίδου
946 1488 1026 1566 γέρα
1047 1489 1099 1551 καὶ
1115 1491 1307 1568 βαειλεῦειν·
1329 1491 1415 1552 τοῖει

241 1594 298 1670 μὲν
322 1591 443 1672 ἔμπεδα
459 1593 572 1672 κεῖται,
596 1590 670 1669 ἐμεῦ
694 1589 727 1652 δ’
742 1589 807 1653 ἀπὸ
823 1589 946 1667 μούνου
969 1589 1105 1667 Ἀχαιῶν
1126 1589 1247 1685 εἵλετοεᾖ
1267 1593 1414 1671 frequen-

228 1704 290 1760 „ter
313 1695 349 1754 de
371 1696 503 1760 hominis
533 1693 658 1762 robore,
695 1693 863 1760 voluntate,
898 1695 998 1753 animo
1028 1693 1114 1752 lirmo
1142 1713 1320 1774 semperque
1349 1693 1415 1755 sibi

242 1800 391 1857 constanti
414 1804 589 1874 usurpatur,
618 1795 710 1855 veluti
732 1798 747 1858 ξ
770 1790 832 1854 468
857 1793 916 1872 βίη
938 1791 972 1854 τέ
995 1813 1047 1869 μοι
1063 1792 1200 1872 έμπεδοε
1223 1791 1289 1877 εἴη,
1312 1792 1415 1858 λ393

239 1895 277 1960 'lc
299 1895 454 1975 ἔμπεδος,
483 1893 582 1958 Ε254
596 1894 643 1959 ἔτι
659 1915 711 1973 μοι
734 1894 852 1973 μένοι
879 1893 1020 1972 ἔμπεδόν
1043 1893 1134 1976 ἐετιν,
1157 1895 1184 1958 Ζ
1206 1893 1277 1957 352.
1306 1915 1321 1958 c
1346 1892 1417 1958 215

243 1998 388 2078 φρένες
410 1998 553 2078 ἔμπεδοι,
576 1997 601 2061 Λ
624 1995 686 2058 813
708 1995 803 2060 νόοε
825 2013 862 2070 γε
885 1995 942 2074 μὲν
965 1994 1103 2074 ἔμπεδος
1125 1994 1197 2076 ἦεν,
1224 1996 1246 2058 Κ
1269 1994 1311 2057 94
1332 1994 1415 2060 οὐδέ

243 2119 295 2178 μοι
317 2099 413 2177 ἦτορ
437 2098 593 2180 ἔμπεδον,
617 2099 727 2179 quibus
751 2099 898 2177 exemplis
920 2102 1066 2159 transitus
1088 2107 1211 2178 paratur
1234 2100 1269 2160 ad
1292 2095 1414 2169 Υ183,

243 2203 296 2262 ubi
324 2202 436 2263 Priami
465 2204 632 2270 constantia
660 2201 813 2262 laudatur:
848 2197 867 2261 ὁ
900 2197 934 2261 δ’
963 2198 1102 2276 ἔμπεδοί
1136 2198 1211 2262 οὐδ’
1239 2198 1417 2279 ἀεείφρων.

244 2305 318 2366 Cum
346 2307 440 2382 igitur
469 2303 582 2363 nullum
611 2306 651 2362 sit
680 2303 850 2381 exemplum
881 2303 971 2362 huius
1001 2301 1136 2364 vocabuli
1165 2304 1201 2362 de
1230 2302 1416 2364 animalibus

244 2409 305 2466 sive
329 2407 451 2484 proprie
474 2407 536 2464 sive
552 2405 695 2464 translate
717 2406 869 2482 usurpati,
894 2404 1027 2464 nondum
1043 2405 1180 2484 expedita
1203 2413 1248 2465 est
1264 2406 1414 2486 quaestio,

243 2506 314 2586 quid
350 2509 389 2566 sit
428 2504 548 2582 ἔμπεδα
582 2507 675 2582 μῆλα.
725 2507 848 2565 Veteres
887 2505 1007 2585 quidem
1048 2509 1228 2585 interpretes
1262 2507 1417 2585 explicant

243 2605 354 2684 icxupd
376 2605 427 2668 καὶ
449 2604 612 2684 δυνάμενα
633 2605 714 2668 κατὰ
735 2605 772 2668 τὸ
795 2605 896 2668 πέδον
917 2603 1098 2669 icrocdcn‘i.
1123 2627 1147 2668 e.
1170 2608 1310 2686 pecudes
1334 2626 1416 2687 quae

245 2712 276 2768 in
300 2708 362 2769 solo
385 2709 512 2768 firmiter
534 2716 614 2769 stare
637 2717 762 2786 possunt
791 2708 836 2768 vel
865 2728 940 2788 quae
963 2710 1049 2770 firma
1076 2709 1244 2770 valetudine
1273 2717 1415 2779 utuntur,

162 2867 164 2872 .
245 2810 373 2893 validae,
407 2809 549 2871 robustae
563 2807 620 2888 ⁵⁵);
655 2818 684 2870 et
721 2813 763 2870 sic
796 2809 993 2870 Doederlinus
1026 2830 1144 2891 quoque
1177 2813 1415 2890 interpretatur:

244 2913 404 2983 ‘kerniest
428 2913 566 2990 gesund'
596 2913 632 2972 dt
654 2931 725 2972 vero
754 2913 827 2972 liaeo
851 2915 934 2972 notio
957 2931 1063 2992 parum
1087 2915 1226 2974 convenit
1248 2913 1295 2973 his
1317 2915 1416 2972 versi-

205 3021 217 3042 *
245 3016 316 3085 bus,
347 3013 457 3094 quibus
484 3012 584 3074 Vlixes
612 3016 694 3092 regis
722 3013 906 3100 opulentiam
934 3017 1126 3094 omniumque
1155 3033 1258 3076 rerum
1286 3015 1416 3075 allluen·

245 3121 318 3178 tiam
341 3116 503 3177 describit:
542 3116 642 3175 laudat
668 3124 771 3176 terrae
803 3116 1006 3184 feracitatem,
1033 3135 1095 3184 non
1123 3119 1193 3196 quia
1221 3117 1328 3187 honae,
1357 3118 1416 3178 sod

244 3221 314 3298 quia
337 3221 432 3278 varias
454 3217 558 3296 fruges
583 3216 717 3296 (πυροὺς
739 3217 791 3279 καὶ
812 3215 928 3296 κριθάς)
952 3219 1046 3288 ferat3
1070 3217 1171 3278 laudat
1193 3217 1326 3288 arboreo,
1349 3235 1417 3280 non

143 3375 145 3378 ,
244 3322 314 3398 quia
342 3326 529 3398 praestantes
559 3327 588 3379 et
616 3322 742 3380 eximios
771 3320 890 3379 lructus
918 3328 1097 3398 procreent,
1134 3320 1186 3380 sed
1214 3323 1284 3400 quia
1313 3319 1417 3399 ampla

244 3421 398 3481 fructuum
421 3423 507 3499 copia
530 3428 653 3480 onustae
682 3423 756 3490 sint;
785 3439 878 3501 quare
906 3439 1005 3482 nonne
1035 3422 1190 3502 epitheton
1213 3421 1415 3493 desiderabis

244 3521 535 3582 multitudinem
558 3521 637 3601 quod
661 3523 825 3597 significet?
866 3521 929 3582 Hoc
964 3531 1063 3584 autem
1096 3531 1143 3584 est
1176 3524 1248 3584 illud
1280 3514 1416 3594 ἄεπετα,

181 3665 182 3669 ,
245 3623 324 3703 quod
346 3621 481 3682 Rhianus
503 3623 604 3682 voluit.
716 3630 717 3634 ’

329 3724 440 3784 Verum
463 3724 551 3784 aliam
573 3725 698 3786 sortasse
722 3726 835 3786 dixeris
863 3730 1143 3806 interpretationem
1173 3731 1268 3805 magis
1291 3727 1326 3787 ad
1343 3744 1417 3786 sen·

245 3845 310 3887 sum
334 3825 586 3886 accommodatam
609 3846 684 3887 esse.
714 3827 789 3888 Nam
805 3847 874 3890 cum
889 3825 1028 3906 ἔμπεδος
1044 3832 1132 3890 etiam
1148 3828 1184 3889 ad
1199 3830 1344 3908 temporis
1359 3846 1418 3888 no-

313 4078 356 4144 55)
375 4075 510 4131 Similiter
527 4075 691 4130 Eustathius
710 4078 747 4132 ad
764 4079 790 4131 h.
809 4079 827 4132 l.
850 4081 885 4133 τὸ
909 4080 940 4133 δέ
963 4080 1070 4145 ἔμπεδα
1092 4081 1245 4134 διαετέλλει
1268 4081 1322 4145 τὴν
1345 4078 1419 4143 ἀγα-

245 4164 299 4228 θὴν
316 4163 446 4229 γέννηειν
463 4167 524 4216 τῶν
543 4163 642 4230 μήλων
665 4164 737 4230 πρὸ(
754 4163 790 4216 τὰ
808 4164 1000 4230 ἀμβλούμενα,
1024 4165 1118 4218 ἐκεῖνα
1136 4165 1189 4232 γὰρ
1208 4163 1306 4218 πίπτει
1325 4167 1420 4232 νεκρὰ

246 4248 291 4300 καὶ
310 4247 362 4314 οὐχ
380 4246 426 4300 οἷα
444 4249 508 4315 περὶ
520 4248 576 4314 γῆν
594 4247 718 4313 πεεόντα
736 4249 799 4302 εἶτα
817 4249 923 4313 ἔμπεδα
942 4249 1046 4308 cadero
1063 4251 1243 4315 ὑποεκιρτᾶν.
