3124 4682
700 315 742 382 45

648 407 799 416 ——---

134 505 329 590 neutram‘sin
351 515 468 590 partem
491 516 574 570 certo
596 510 718 570 decerni
739 516 847 588 potest.
883 507 1014 579 Quarum
1037 508 1171 570 ordinem
1196 511 1305 572 ducant
1394 577 1401 582 ,

135 631 207 686 eae,
230 631 306 692 quae
327 611 535 692 Aristophanis
557 611 691 691 Byzantii
713 629 836 674 assensu
857 611 1068 691 comprobatae
1091 619 1169 673 sunt.

221 712 247 775 A
269 711 333 775 553
356 710 440 776 οὔτ’
462 709 619 791 εἴρομαι
642 710 735 776 οὔτε
758 714 950 791 μεταλλῶ·
974 710 1124 776 οὕτωταὶ
1146 711 1351 790 Ἀριετάρ-ΙῙ

135 833 199 892 χον
220 814 273 877 καὶ
294 813 313 892 ἡ
335 807 465 878 Ῥιανοῦ
487 814 538 877 καὶ
558 813 578 892 ἡ
601 813 865 892 Ἀριετοφάνουε·
888 814 939 877 καὶ
961 813 1044 878 ἔιτιν
1059 813 1233 895 ἐμφατικὸν
1256 815 1304 878 bic

138 915 318 995 λεγόμενον
340 915 379 978 τὸ
402 914 501 979 οὔτε.
525 915 556 979 οἱ
577 916 760 995 γράφοντεε
784 915 878 979 οὐδὲ
901 919 1079 995 μεταλλῶ
1102 919 1207 981 κακῶ(
1228 917 1304 994 γρά-

135 1037 262 1096 φουειν.
284 1020 316 1080 A.
345 1015 514 1097 -ἄμφω
543 1018 595 1080 διὰ
617 1020 676 1081 τοῦ
703 1040 737 1100 τ,
758 1016 805 1082 ‘iv'
832 1017 851 1100 ᾗ
879 1016 1075 1097 ἐμφαντικὸν
1104 1019 1152 1083 δῖε
1174 1018 1303 1100 λεγόμε-

134 1138 207 1184 νον.
230 1117 283 1182 καὶ
304 1117 340 1182 ἐν
362 1123 400 1202 τῇ
424 1117 586 1201 ἀπολογίᾳ
615 1121 651 1182 b'e
674 1119 829 1198 μέμφεται
853 1118 898 1183 ῶε
920 1117 970 1182 ἀεὶ
992 1119 1171 1187 ἰδιάζοντα(
1193 1120 1302 1185 αὐτοῦ.

18 1297 20 1304 ¹
134 1219 212 1284 ἔθοε
234 1221 270 1283 δὲ
292 1221 434 1296 γυναιξὶν
457 1219 618 1298 ἀρνεῑεθαι
640 1219 688 1284 ὅτι
716 1222 797 1284 ποτὲ
818 1221 1073 1300 παρηνώχληεαν
1095 1225 1164 1286 τοῖς
1187 1221 1302 1301 ἀνδρά-

135 1341 193 1386 ειν.
226 1323 300 1384 Bt.
337 1321 382 1384 Ex
403 1323 452 1383 his
472 1323 640 1383 luculenter
662 1333 801 1401 apparet,
830 1324 868 1384 ab
896 1323 1035 1386 omnibus
1062 1333 1130 1386 aute
1154 1325 1302 1386 Rhianum

134 1421 305 1484 editoribus
328 1425 565 1502 vulgatumesse
588 1422 683 1487 οὐδὲ
706 1427 868 1506 μεταλλῶ,
898 1427 977 1486 hunc
1000 1445 1079 1498 vero,
1104 1439 1182 1488 cum
1200 1430 1231 1488 in
1253 1427 1302 1487 illa

133 1524 352 1605 particularum
376 1523 451 1588 οὔτε
475 1535 505 1588 et
527 1524 605 1588 οὐδέ
628 1529 769 1588 societate
792 1529 871 1588 baud
894 1531 1005 1589 iniuria
1028 1511 1208 1599 offenderet,
1232 1547 1301 1589 con-

134 1627 338 1688 sentientibus
359 1629 558 1706 Aristophane
586 1637 616 1689 et
638 1630 812 1690 Aristarcho
839 1648 904 1690 eam
932 1633 1104 1709 reposuisse
1131 1632 1301 1714 lectionem,

134 1747 226 1808 quam
249 1731 434 1790 etiamnunc
462 1749 566 1791 omnes
594 1730 737 1792 exhibent
764 1731 921 1793 editiones
950 1733 1011 1792 lam
1040 1733 1117 1811 apud
1139 1733 1301 1794 Homerum

134 1831 258 1909 quidem
283 1831 362 1892 nullo
384 1838 538 1910 praeterea
567 1832 633 1892 loco
662 1831 717 1892 hae
740 1834 903 1911 particulae
933 1835 975 1893 sic
1002 1835 1187 1896 consociatae
1214 1853 1301 1912 repe-

18 2007 19 2010 *
132 1935 256 1996 riuntur
278 1941 308 1994 et
328 1914 406 2012 apud
429 1941 546 1994 ceteros
569 1953 686 2014 quoque
702 1937 866 2015 scriptores
887 1943 968 1996 tanta
991 1945 1037 1997 est
1055 1938 1188 2015 paucitas
1202 1955 1301 1997 exem-

18 2023 19 2032 *
133 2037 253 2113 plorum
276 2035 334 2096 fide
361 2037 575 2112 praestantium
604 2035 741 2096 codicum
768 2039 1024 2108 confirmatorum,
1054 2047 1086 2100 ut
1113 2041 1221 2099 merito
1249 2040 1301 2099 du-

18 2119 19 2124 *
134 2137 226 2197 bitari
256 2140 366 2214 possit,
395 2153 468 2197 num
495 2155 620 2216 usquam
649 2147 716 2217 post
743 2135 818 2200 obre
841 2139 933 2199 semel
954 2142 1084 2217 positum
1113 2142 1237 2202 inlatum
1265 2141 1302 2202 sit

134 2237 224 2308 οὐδέ,
255 2239 307 2298 sed
336 2239 360 2298 si
383 2257 522 2317 quaeras,
552 2241 602 2318 qui
630 2239 740 2300 lactum
769 2242 822 2311 sit,
852 2248 887 2300 ut
907 2243 998 2302 ceteri
1023 2243 1152 2303 editores
1174 2252 1299 2314 veteres,

134 2359 211 2417 quos
233 2340 410 2401 insolentior
432 2340 506 2400 haec
529 2341 648 2402 dicendi
671 2345 749 2402 ratio
777 2343 864 2422 plane
887 2344 999 2421 fugisse
1022 2346 1070 2405 viu
1092 2345 1222 2422 putanda
1245 2353 1299 2416 est,

133 2440 214 2504 οὐδέ
243 2449 358 2502 mutare
386 2461 445 2503 non
475 2443 635 2512 auderent,
669 2443 746 2505 nihil
773 2444 852 2505 aliud
879 2445 996 2506 videtur
1023 2448 1055 2506 in
1083 2465 1172 2507 causa
1197 2447 1300 2516 luisse,
1407 2527 1417 2535 ·

18 2613 19 2616 Ἴ
132 2562 225 2624 quam
253 2545 333 2623 quod
361 2541 438 2606 οὐδέ
465 2546 735 2606 vetustissimorum
763 2545 909 2608 librorum
937 2551 1114 2610 auctoritate
1138 2549 1300 2610 nitebatur.

18 2703 27 2722 ,Γ
131 2646 219 2716 Quod
255 2648 281 2706 si
315 2653 483 2717 teneamus
516 2647 604 2707 facile
637 2650 668 2708 in
697 2655 811 2708 rectam
839 2648 1017 2710 emendandi
1045 2653 1122 2712 viam
1152 2653 1299 2714 ducimur.
1344 2635 1348 2646 ¹

19 2759 20 2764 ’
131 2747 269 2810 Rhianus
293 2750 374 2808 enim
402 2751 625 2828 corruptionem
654 2751 832 2830 quaerebat,
862 2751 913 2812 ubi
940 2753 1111 2831 quaerenda
1139 2773 1197 2814 non
1226 2762 1298 2824 erat,

19 2927 20 2930 Ἴ
132 2851 203 2911 cum
225 2847 401 2930 nonnose,
430 2851 482 2911 sed
511 2849 584 2914 οὔτ’
591 2899 601 2932 ,
629 2852 708 2932 quod
736 2871 839 2914 omnes
867 2854 999 2914 editores
1025 2862 1142 2915 veteres
1171 2858 1301 2936 antiquis

18 2963 20 3032 ἢ
132 2953 294 3013 elementis
316 2952 426 3012 Ionicis
455 2953 570 3030 decepti
600 2957 805 3026 retinuerunt,
836 2957 1042 3017 emendatione
1066 2965 1179 3034 egeret.
1224 2959 1299 3019 Nam
1407 2955 1411 2960 ’

131 3055 307 3115 Pisistratea
331 3054 420 3114 editio
436 3053 514 3114 haud
530 3055 619 3116 dubie
641 3056 718 3118 hanc
733 3056 898 3134 praebebat
912 3060 1093 3138 scripturam
1108 3057 1297 3124 ΟἴΕΡΟΜΑΙ

131 3156 162 3216 h.
188 3175 215 3218 e.
239 3153 280 3218 οὐ
304 3155 462 3236 ἴεῖρομαι,
485 3159 517 3216 in
540 3175 598 3236 qua
619 3158 754 3219 Rhianus
777 3177 844 3219 cum
859 3167 983 3238 propter
1006 3161 1148 3238 digammi
1169 3163 1299 3222 inscien-

18 3279 20 3310 ι
132 3261 204 3318 tiam
227 3256 252 3321 Τ
274 3259 363 3337 prof
384 3258 522 3335 legisset,
546 3259 634 3319 aliter
656 3247 773 3322 litteras
788 3261 960 3340 dispescere
976 3281 1038 3324 non
1053 3271 1186 3342 poterat,
1211 3277 1299 3340 quam

131 3363 173 3420 ita
197 3367 231 3420 ut
253 3357 326 3420 οὔτ’
349 3355 475 3438 εἴρομαι
496 3359 619 3438 legeret.
664 3361 728 3422 Hoc
756 3383 793 3424 ex
815 3381 933 3434 errore,
965 3367 997 3424 in
1026 3383 1114 3445 quern
1141 3374 1210 3446 post
1232 3384 1301 3428 eum

18 3465 20 3474 '
132 3465 224 3522 etiam
248 3461 462 3539 Aristophanes
485 3468 514 3522 et
536 3463 726 3524 Aristarchus
747 3463 933 3537 inciderunt,
962 3474 1031 3528 nata
1059 3476 1104 3529 est
1127 3471 1301 3532 coniectura

132 3562 208 3626 οὔτ’
236 3560 360 3642 εἴρομαι
388 3560 462 3625 οὔτε
485 3564 646 3647 μεταλλῶ,
678 3567 713 3628 ad
742 3585 829 3646 quam
858 3567 1073 3630 defendendam
1101 3571 1298 3648 excogitatum

18 3683 20 3752 j
131 3675 179 3728 est
202 3673 410 3744 argumentum
437 3667 600 3742 speciosius
628 3668 700 3728 illud
730 3670 849 3748 quidem
876 3690 965 3751 quarn
992 3674 1108 3733 verius:
1136 3672 1188 3734 καὶ
1216 3671 1299 3736 ἔττιν

18 3819 19 3850 p
131 3765 310 3846 ἐμφατικόν
335 3767 383 3830 bic
406 3767 583 3847 λεγόμενον
605 3769 643 3832 τὸ
667 3767 750 3832 οὔτε.
795 3771 878 3842 Quod
902 3781 1088 3854 quantopere
1104 3774 1248 3835 claudicet
1270 3784 1300 3836 et

18 3919 19 3940 ,
132 3869 265 3940 vacillet,
290 3889 359 3930 eum
380 3870 486 3948 lugere
510 3890 567 3932 non
590 3876 715 3949 poterit,
745 3873 795 3954 qui
817 3875 848 3934 in
870 3882 965 3936 totum
987 3877 1077 3938 huius
1098 3875 1155 3937 loci
1177 3885 1298 3938 contex-

18 3951 22 4020 ,'
131 3981 196 4033 turn
218 3978 350 4032 mentem
372 3973 544 4034 intenderit.
590 3974 642 4034 Est
665 3976 746 4034 enim
769 3993 886 4048 verena,
911 3978 1025 4058 dequo
1049 3979 1243 4057 disputamus,
1267 3979 1297 4038 in

18 4097 19 4114 ι
130 4073 336 4152 pulcherrima
358 4075 409 4136 illa
431 4077 602 4137 narratione
626 4076 805 4138 domesticae
829 4079 1032 4140 altercationis
1053 4082 1132 4141 inter
1146 4081 1246 4168 lovem
1269 4091 1299 4141 et

130 4177 278 4238 lunonem
301 4177 457 4256 coniugem
480 4187 609 4240 exortae.
648 4180 743 4260 Atque
766 4179 839 4241 luno
861 4191 976 4262 patrem
992 4182 1143 4243 hominum
1160 4183 1298 4244 deorum-

18 4287 19 4290 ’
131 4297 194 4358 que
217 4279 440 4357 obiurgaverat,
464 4282 543 4360 quod
567 4281 749 4342 clandestina
778 4301 896 4361 semper
918 4282 1074 4346 moliretur
1097 4285 1220 4346 consilia
1242 4305 1298 4348 nec
