3124 4682
345 702 546 764 Transeamus
569 702 606 762 ad
628 719 679 763 eas
693 702 851 771 lectiones,
875 719 949 781 quas
963 701 1097 761 Rhianus
1112 719 1148 760 ex
1164 699 1317 761 veteribus
1338 700 1431 762 libris

260 808 403 884 suscepit.
448 807 489 865 Ao
511 807 642 884 primum
664 805 785 884 quidem
807 804 904 864 locum
926 809 1047 864 teneant
1069 821 1137 874 eae,
1160 803 1192 862 in
1215 802 1326 882 quibus
1346 803 1431 864 haud

261 907 388 972 obscura
410 907 664 968 Pisistrateae
688 902 832 966 editionis
853 907 977 983 vestigia
1000 904 1275 984 deprehenduntur.

231 1004 253 1068 4
335 1013 363 1094 t
384 1005 458 1071 295.
502 1008 536 1070 ln
558 1010 748 1079 narratione,
777 1027 835 1088 qua
863 1005 977 1077 Vlixes,
1006 1013 1039 1066 ut
1060 1005 1222 1066 Eumaeum
1250 1006 1287 1068 de
1310 1009 1430 1085 origine

261 1131 314 1172 sua
336 1112 426 1182 celet,
456 1110 630 1172 Cretensem
653 1130 685 1171 se
714 1129 779 1171 esse
808 1109 928 1171 simulat
956 1109 1053 1186 longis
1084 1107 1241 1169 erroribus
1273 1110 1428 1179 iactatum,

260 1214 334 1274 dicit
356 1231 387 1273 se
410 1220 505 1274 totum
529 1231 639 1275 annum
668 1215 700 1273 in
724 1197 873 1272 Phoenica
902 1218 1047 1273 moratum
1070 1218 1100 1270 et
1121 1216 1225 1290 postea
1248 1209 1286 1272 ab
1308 1211 1429 1290 hospite

259 1315 420 1376 Phoenicio
448 1317 514 1376 navi
542 1317 705 1394 inpositum
728 1333 808 1384 esse,
831 1321 865 1374 ut
885 1314 914 1374 in
931 1313 1055 1392 Libyam
1077 1314 1333 1392 proficisceretur:

412 1413 446 1478 ἐς
466 1415 584 1494 Λιβύην
607 1415 642 1493 μ’
665 1413 715 1478 ἐπὶ
737 1403 818 1493 νηὸς
839 1413 998 1478 ἐέςςοτο
1021 1411 1254 1491 ποντοπόροιο.

261 1517 360 1578 Schol.
383 1515 508 1580 Ῥιανός
530 1537 624 1596 φηςιν
647 1515 859 1597 ἐφέςςατο,
881 1514 1068 1593 Ζηνόδοτος
1091 1514 1293 1594 ἐφείςατο.
1318 1516 1352 1576 Η.
1383 1515 1429 1577 De

260 1625 411 1680 structura
433 1619 521 1680 huius
544 1620 603 1679 loci
625 1638 686 1679 non
709 1626 766 1689 est,
790 1619 869 1698 quod
892 1619 1094 1698 disputemus,
1126 1636 1193 1679 eum
1216 1617 1253 1678 ab
1276 1620 1429 1698 interpre-

260 1721 342 1782 tibus
363 1723 435 1782 satis
458 1721 605 1800 explicata
626 1739 723 1800 neque
747 1739 764 1780 a
786 1719 900 1781 Rhiano
916 1727 1028 1782 mutata
1051 1721 1104 1790 sit;
1129 1721 1164 1781 de
1188 1719 1303 1798 vulgata
1327 1729 1430 1781 autem

260 1822 389 1883 lectione
417 1821 710 1884 animadvertendum
744 1828 803 1892 est,
839 1821 964 1883 lormam
998 1819 1140 1892 ἐέςςατο,
1175 1822 1211 1881 de
1240 1824 1327 1882 ouius
1355 1840 1430 1899 aug-

257 1925 362 1984 mento
378 1923 498 1984 insolito
520 1924 587 1984 vide
602 1924 723 1985 Ameisii
747 1923 891 2003 append,
915 1930 1035 2003 praeter
1050 1924 1129 1984 hunc
1145 1941 1263 2010 versum
1280 1941 1429 2002 nusquam

232 2099 236 2108 1
261 2027 339 2105 apud
355 2026 516 2086 Homerum
539 2027 684 2096 inveniri,
708 2025 739 2086 id
761 2025 842 2104 quod
863 2027 895 2085 in
918 2043 1007 2086 causa
1028 2026 1122 2086 luisse
1144 2023 1277 2094 videtur,
1302 2043 1356 2084 cur
1371 2025 1451 2085 Ze-.

260 2128 387 2189 nodotus
420 2135 449 2188 et
476 2127 611 2190 Rhianus
641 2145 676 2188 ea
710 2127 942 2188 offenderentur.
994 2126 1097 2206 Neque
1131 2143 1202 2186 vero
1236 2125 1429 2204 inprobabile

261 2236 318 2297 est,
344 2237 372 2289 et
393 2231 550 2307 utriusque
573 2229 812 2290 emendationem
835 2237 866 2288 et
879 2229 1032 2306 vulgarem
1053 2230 1228 2313 lectionem,
1254 2244 1343 2304 quam
1359 2229 1429 2288 Ari-

260 2330 398 2391 starchus
419 2333 549 2410 recepit,
573 2349 590 2391 a
612 2332 804 2393 Pisistrateae
828 2331 970 2390 editionis
993 2331 1141 2408 scriptura
1157 2326 1333 2394 enecato
1356 2347 1427 2408 pro·

259 2434 354 2493 lectas
376 2449 456 2504 esse,
480 2435 511 2493 in
535 2449 593 2508 qua
615 2432 746 2493 litteram
768 2429 798 2492 Φ
825 2449 932 2510 parum
960 2431 1101 2492 distincte
1131 2434 1274 2510 scriptam
1303 2438 1354 2492 aut
1378 2451 1427 2491 ve-

259 2542 369 2596 tustate
399 2533 600 2594 oblitteratam
628 2533 670 2593 illi
699 2541 781 2594 recte
809 2535 1002 2613 interpretati
1024 2539 1107 2606 sunt,
1144 2535 1238 2594 ceteri
1266 2550 1427 2612 perperam

255 2654 314 2715 pro
337 2635 487 2712 digammo
510 2635 689 2696 habuerunt.
734 2634 845 2696 libiani
867 2643 964 2696 autem
988 2635 1147 2696 lectionem
1171 2642 1200 2694 et
1222 2634 1338 2712 vulgata
1360 2632 1427 2696 ἐές-

260 2755 336 2801 ςατο
360 2743 391 2797 et
412 2736 579 2798 Zenodotea
602 2739 749 2817 potiorem
772 2755 838 2798 esse
861 2737 1014 2807 concedit,
1045 2739 1167 2816 opinor,
1196 2738 1332 2816 quisquis
1354 2753 1427 2798 con-

259 2840 438 2899 sideraverit
459 2857 563 2900 versus
587 2836 674 2900 1455
696 2838 819 2918 μήποτε
839 2837 991 2914 γούναςιν
1015 2835 1097 2902 οἷςιν
1120 2835 1303 2915 ἐφέςςεςθοι
1326 2835 1427 2916 φίλον

147 2947 151 2954 ’
259 2937 345 3021 υἱόν,
368 2959 392 3000 π
406 2935 469 3002 443
492 2937 595 3017 ἐπεὶή
618 2940 668 3003 καὶ
696 2939 751 3019 ἐμὲ
765 2940 984 3018 πτολίπορθος
1006 2939 1175 3002 Ὀδυςςεὺτ
1197 2938 1334 3003 πολλάκι
1349 2938 1426 3014 γού-

259 3060 349 3114 ναςιν
372 3038 453 3104 οῖςιν
482 3040 696 3121 ἑφεςςάμενος
724 3053 799 3124 eet,
828 3062 846 3105 0
869 3040 930 3104 277
962 3040 1045 3104 ἀλλά
1073 3060 1110 3121 με
1137 3040 1217 3117 νηὸς
1245 3040 1374 3119 ἔφεςςαι
1396 3049 1427 3102 οι

259 3143 400 3224 Hesychii
422 3147 702 3225 interpretationem
725 3142 898 3223 ἐφέςςατο·
921 3141 1115 3222 ἐπεβάλλετο
1139 3151 1169 3203 et
1191 3141 1334 3221 ἐφὲςςαι·
1357 3141 1426 3207 ἐπι-

258 3244 379 3308 καθίςαι
401 3249 439 3327 τῇ
461 3245 530 3324 νηῒ,
554 3264 681 3326 quacum
704 3248 857 3325 conspirat
879 3246 971 3307 schol.
996 3247 1031 3306 ad
1054 3242 1152 3309 v274
1174 3247 1205 3305 in
1228 3245 1293 3306 cod.
1310 3245 1348 3314 V,
1371 3245 1426 3306 ubi

247 3344 387 3424 ·ἐφέςςοιι
415 3347 507 3408 simili
530 3349 618 3408 modo
647 3348 812 3427 explicatur
833 3345 957 3424 ἱδρῡςαι
978 3345 1030 3410 ἐἰς
1057 3345 1115 3424 τὴν
1143 3347 1233 3410 ναῦν.
1277 3346 1427 3407 Discimus

259 3468 294 3508 ex
316 3449 364 3508 bis
386 3449 474 3518 lucie,
498 3468 560 3510 non
582 3450 677 3510 solum
693 3449 836 3510 Zenodoti
860 3449 932 3510 illud
955 3446 1104 3527 ἐφείςατο
1128 3456 1157 3508 et
1173 3467 1247 3526 qnae
1270 3448 1341 3508 huie
1356 3455 1427 3509 sunt

257 3552 371 3611 lormae
394 3551 508 3611 similes
529 3558 649 3628 praeter
672 3547 758 3614 εἶςον
787 3571 806 3628 η
831 3547 891 3612 163
925 3549 1089 3612 abhorrere
1117 3550 1154 3610 ab
1177 3569 1233 3610 usu
1255 3549 1424 3621 Homerico,

258 3654 492 3723 verumetiam,
525 3652 577 3713 ubi
601 3653 637 3714 de
660 3655 782 3714 notione
810 3653 976 3732 inponendi
998 3655 1185 3732 maximeque
1214 3652 1250 3711 de
1279 3669 1424 3712 conscen-

258 3754 354 3814 denda
387 3773 461 3814 nave
495 3757 607 3832 agitur,
643 3757 840 3835 compositum
868 3755 993 3816 verbum
1026 3752 1171 3832 ἑφὲςςαι,
1204 3771 1276 3814 non-
1297 3753 1426 3833 simplex

222 3905 228 3912 .
258 3853 344 3918 ἕςςαι
366 3855 495 3916 Homero
518 3857 610 3918 luisse
633 3857 790 3918 familiare.
836 3855 933 3926 Quare
956 3855 1119 3936 probantes
1146 3874 1214 3916 cum
1237 3855 1322 3915 lmm.
1346 3855 1425 3916 Bek-

256 3958 330 4018 lrero
353 3958 590 4019 emendationem
606 3959 770 4021 Rhianeam
787 3959 918 4020 delemus
933 3960 1061 4019 sormam
1077 3955 1221 4028 ἐέςςατο,
1245 3975 1425 4036 quamquam

257 4045 443 4121 buentzerus
465 4059 574 4122 Zenod.
595 4081 624 4142 p.
642 4057 684 4122 62
698 4069 843 4142 patronus
866 4079 900 4121 ac
916 4061 1057 4122 delensor
1073 4063 1202 4132 exstitit;
1226 4077 1294 4120 nam
1306 4077 1424 4129 vereor,

256 4180 293 4221 ne
316 4165 362 4224 vir
384 4163 589 4233 doctissimus,
614 4181 682 4223 eum
705 4160 775 4225 ἕςςο
800 4161 819 4224 Γ
841 4159 880 4223 57
904 4169 934 4222 et
956 4158 1064 4223 ntea
1086 4162 1217 4222 conlerri
1240 4161 1368 4231 iuberet,
1393 4165 1425 4222 in

256 4279 391 4324 errorem
424 4265 525 4325 induci
559 4285 590 4326 se
624 4284 728 4345 passus
761 4267 814 4334 sit,
848 4284 915 4324 cum
946 4262 1034 4346 ἕςςο,
1071 4264 1149 4344 quod
1180 4260 1260 4325 [57
1295 4264 1424 4342 perlecti
