3124 4682
777 305 928 405 A&

272 491 343 558 bed.
379 492 538 578 synart
573 493 592 558 ὁ
624 495 706 559 Διὸ(
739 495 870 571 γενέταε
905 494 1109 578 (Ἀπόλλων),
1143 498 1245 579 Eurip.
1280 499 1343 560 lon.
1374 495 1438 561 916

272 598 406 678 (Nauck.)
431 595 450 661 ὁ
473 596 508 661 δ’
536 595 611 676 έμόε
640 597 772 673 γενέτα(
799 598 849 662 καὶ
877 597 945 674 εόε,
970 602 1001 660 in
1030 602 1126 680 epigr.
1156 601 1252 680 Cyzic.
1276 597 1297 663 3
1325 602 1436 662 anthol.

270 700 333 762 Pal.
363 701 375 760 l
405 719 433 778 p.
463 695 504 762 58
529 701 663 762 Phoenix
698 702 866 782 appellatur
892 699 1022 780 γενέτηε
1051 703 1236 782 Amyntoris;
1271 705 1437 782 composita

271 803 379 863 similia
406 801 499 862 habes
526 802 602 881 apud
632 801 821 864 Timotheum
849 801 973 883 lyricum
1006 803 1165 882 (Plutarch.
1195 804 1231 864 de
1255 803 1335 864 Alex.
1366 805 1435 865 lort.

271 911 300 964 et
321 905 389 964 virt.
418 922 447 982 p.
470 899 534 965 334
549 902 577 980 b)
605 902 663 966 τὸν
691 902 867 979 γαγενέταν
901 901 1060 984 ἄργυρον,
1090 905 1169 966 anth.
1203 905 1268 966 Pal.
1298 901 1436 982 111524,

272 1001 311 1065 19
344 1002 595 1082 (εμεληγενέτην
630 1007 666 1066 de
689 1007 821 1077 Baccho,
856 1006 931 1068 ibid.
954 1003 1032 1078 525,
1064 1004 1103 1068 19
1136 1005 1365 1084 εελαηγενέτην
1398 1007 1436 1068 de

269 1106 404 1186 Apolline
427 1107 557 1178 dictum,
587 1106 660 1168 ibid.
683 1107 739 1169 llll
768 1104 829 1171 195
852 1109 950 1172 Strato
973 1105 1141 1186 εὐγενέτηε
1170 1109 1247 1170 dixit
1267 1127 1322 1187 pro
1345 1105 1436 1182 εὐγε-

268 1205 335 1282 νήε.
373 1207 470 1278 Quare
493 1227 552 1268 non
576 1216 635 1278 est,
664 1209 742 1290 quod
771 1228 838 1270 cum
860 1209 976 1270 Rhiano
998 1207 1221 1288 αἰθρηγενέτηε
1243 1228 1435 1289 respuamus;

269 1310 348 1389 quod
372 1317 470 1370 autem
494 1311 558 1388 ipse
581 1309 736 1371 substituit
764 1307 986 1392 αἰθρηγενεήε,
1015 1329 1191 1391 quamquam
1223 1318 1344 1391 praeter
1367 1312 1435 1372 Ari·

269 1412 443 1490 stephanam
475 1413 565 1470 etiam
594 1410 727 1472 Nauclxio
756 1410 881 1491 placuit,
919 1419 1018 1472 tamen
1045 1430 1112 1472 cum
1142 1429 1265 1491 prorsus
1293 1413 1434 1474 insolenti

268 1514 383 1573 ratione
411 1513 571 1572 formatum
606 1513 716 1574 nullius
744 1515 807 1574 lere
842 1513 970 1594 exempli
1001 1512 1170 1575 subnitatur
1199 1511 1435 1594 auctoritatessit,

271 1611 488 1694 explodendum
513 1631 576 1674 esse
600 1615 747 1676 existimo.
1342 1608 1354 1618 ’

219 1703 262 1770 16
354 1733 370 1777 ε
393 1710 464 1776 393.
509 1715 609 1777 Vlixes
630 1724 786 1797 postquam
810 1715 933 1779 biduum
963 1719 994 1778 in
1017 1717 1188 1778 turbulento
1211 1719 1287 1778 mari
1310 1719 1435 1788 natavit,

267 1820 357 1878 tertio
389 1815 507 1878 tandem
534 1817 583 1877 die
612 1824 788 1896 tempestate
818 1818 917 1878 sedata
947 1825 1059 1879 terram
1089 1818 1165 1879 haud
1194 1819 1298 1896 procul
1326 1819 1435 1880 abesse

268 1921 419 1998 cognovit,
443 1936 531 1998 quam
555 1920 650 1996 ipsam
674 1921 829 1999 conspexit
852 1936 956 1997 magna
978 1919 1057 1980 unda
1079 1921 1110 1979 in
1133 1920 1222 1980 altum
1247 1920 1397 1982 sublatus:

758 2017 777 2082 ὁ
799 2019 833 2083 δ’
855 2018 919 2098 ἄρα
941 2020 1055 2099 εχεδόν
1079 2017 1174 2084 siclos
1197 2023 1303 2101 γαῖαν,

394 2117 450 2188 ὀξὺ
474 2119 558 2200 μάλα
579 2120 741 2204 προϊδών,
764 2119 905 2201 μεγάλου
928 2120 1004 2186 ὑπὸ
1027 2121 1166 2202 κύματοε
1188 2119 1302 2200 ἀρθείς.

268 2224 457 2286 Manifestum
481 2230 526 2285 est
548 2224 651 2285 ultima
666 2223 757 2285 verba
773 2227 953 2304 epexegesin
970 2227 1089 2286 efficere
1105 2225 1258 2305 participii
1274 2223 1435 2308 προϊδών,
1471 2219 1479 2228 ’

268 2335 298 2388 et
320 2345 438 2388 causam
472 2325 620 2396 indicare,
654 2343 711 2406 qua
738 2326 849 2387 iactum
877 2328 929 2397 sit,
964 2333 997 2388 ut
1028 2334 1087 2388 tam
1121 2333 1206 2388 acute
1233 2329 1434 2406 prospiceret.

268 2427 371 2509 Neque
395 2445 465 2488 vero
488 2426 576 2488 aliam
599 2429 780 2488 sententiam
803 2427 935 2506 intellegi
960 2428 1050 2488 voluit
1064 2428 1210 2498 Rhianus,
1235 2431 1287 2508 qui
1304 2425 1355 2491 ἐπί
1377 2447 1436 2507 pro

268 2527 334 2593 ὑπό
355 2531 470 2608 posuit;
495 2549 521 2588 v.
544 2528 634 2588 schol.
658 2524 735 2590 ὑπὸ
764 2526 951 2607 κύματοε·
979 2526 1015 2592 ἐν
1043 2531 1081 2611 τῇ
1109 2526 1360 2608 Ἀριετοφάνουε
1383 2529 1437 2594 καὶ

266 2628 396 2695 Ῥιανοῦ
419 2627 482 2693 ἐπὶ
504 2626 686 2707 κύματος.
709 2629 745 2690 Η.
785 2630 843 2692 Sed
865 2638 982 2692 utrem
1007 2631 1167 2692 dilucidius
1194 2629 1381 2691 describeret
1404 2639 1436 2692 et

267 2736 364 2814 ipsius
383 2733 477 2793 Vlixis
499 2734 718 2811 prospectantis
740 2734 900 2810 imaginem
924 2735 1009 2812 quasi
1031 2731 1087 2793 sub
1103 2739 1255 2812 aspectum
1271 2731 1434 2802 subiceret,

268 2833 373 2896 maluit
394 2831 446 2896 ἐπί
468 2832 574 2904 scribi,
598 2852 656 2914 quo
684 2833 785 2895 Vlixes
807 2833 898 2894 ssuctu
921 2840 1078 2912 correptus
1105 2841 1135 2894 et
1160 2835 1191 2894 in
1220 2833 1309 2895 altum
1333 2833 1434 2895 subla·

267 2945 316 2998 tus
337 2939 368 2997 in
391 2953 508 2996 summo
530 2937 642 2996 vertice
665 2935 760 2997 undae
784 2935 888 2996 sedere
912 2935 1072 2996 diceretur.
1103 2933 1200 2994 Verba
1223 2937 1315 3013 igitur
1337 2933 1434 3014 μεγά-

266 3040 327 3102 λου
350 3035 401 3101 ἐπὶ
428 3035 567 3115 κύματοε
595 3043 659 3108 arte
692 3039 847 3098 coniunxit
874 3054 941 3096 cum
963 3033 1125 3117 προϊδών,
1153 3042 1186 3096 ut
1208 3033 1314 3113 epacte
1336 3037 1433 3117 expli-

267 3142 394 3202 cationis
417 3157 504 3202 causa
527 3138 676 3200 adiectum
693 3147 788 3209 esset,
811 3139 841 3200 id
858 3139 936 3219 quod
959 3139 1034 3199 nihil
1051 3137 1142 3199 habet
1156 3139 1339 3209 offensionis
1363 3158 1433 3202 cum

266 3243 363 3304 undae
385 3243 414 3302 vi
437 3259 503 3302 eum
527 3241 657 3302 levatum
686 3260 753 3303 esse
782 3258 837 3318 per
864 3259 896 3302 se
925 3247 1158 3302 consentaneum
1188 3242 1236 3303 sit.
1281 3238 1343 3310 Qua
1366 3260 1433 3302 mu·

266 3347 379 3405 tatione
408 3350 438 3404 et
459 3342 666 3420 Aristophanis
692 3359 844 3404 assensum
873 3349 976 3402 nactus
1004 3350 1049 3404 est
1076 3350 1106 3403 et
1134 3344 1214 3412 eius,
1243 3344 1295 3422 qui
1317 3342 1433 3404 Aristo-

267 3446 375 3525 phanis
396 3445 539 3524 reliquias
570 3442 691 3522 collegit
714 3451 743 3504 et
771 3445 937 3514 recensuit,
962 3445 993 3505 l.
1017 3443 1156 3514 Nauckii,
1186 3446 1237 3523 qui
1265 3444 1435 3505 rationibus

266 3546 387 3627 quidem
414 3547 533 3606 omissis
560 3545 580 3606 l.
609 3546 627 3606 l.
657 3562 687 3622 p.
708 3541 751 3606 43
783 3552 816 3605 ut
843 3542 894 3608 ἐπί
925 3547 956 3606 in
984 3553 1097 3607 textum
1120 3547 1307 3625 reciperetur
1328 3553 1432 3624 postu-

265 3648 346 3710 lavit.
392 3646 537 3727 Equidem
562 3647 608 3715 vix
637 3648 732 3708 ausim
760 3644 812 3710 ἐπί
842 3654 998 3727 tantopere
1028 3647 1253 3716 commendare,
1284 3664 1352 3708 cum
1374 3650 1432 3708 etsi

265 3751 338 3811 satis
359 3751 476 3828 poetico
491 3745 591 3808 colore
605 3750 732 3809 tinctum
749 3750 788 3808 sit
809 3747 865 3808 hoc
881 3749 999 3810 dicendi
1016 3767 1109 3827 genus
1130 3757 1160 3810 et
1175 3748 1431 3810 accommodatum

265 3918 467 3930 *—

333 4018 377 4086 39)
397 4013 545 4084 Solaquae
563 4015 663 4070 afferre
680 4015 805 4086 potueris
823 4015 952 4087 exempla
962 4018 1027 4070 sunt
1036 4016 1110 4086 apud
1119 4014 1237 4086 Hesych.
1256 4031 1277 4069 s.
1287 4033 1312 4070 ν.
1326 4016 1433 4086 ἀπλέη-

264 4117 326 4158 roc·
349 4100 594 4169 ἀπροεπέλαετοε,
617 4100 666 4154 ubi
683 4100 772 4157 Maur.
792 4099 959 4156 Schmidtius
977 4100 1135 4155 adnotavit:
1154 4102 1311 4169 ‘artemon
1329 4102 1433 4169 arpoc-

264 4189 412 4244 πέλαετον.
441 4183 470 4239 C.
491 4190 546 4239 171.
583 4183 643 4240 Nisi
664 4183 755 4240 laesus
778 4184 847 4238 ordo
871 4185 992 4254 glossam
1014 4185 1043 4238 in
1065 4185 1247 4255 suspitionem
1270 4185 1433 4254 adduceret,

264 4269 474 4325 insolentiorem
492 4271 610 4324 formam
627 4270 722 4325 tuerer
739 4268 924 4324 Archilocheo
944 4271 1052 4337 Κρεήτη
1072 4269 1115 4338 (ir.
1136 4273 1217 4340 175)st
