3124 4682
695 313 737 375 59

128 501 236 566 velim,
260 501 344 562 illum
367 521 426 560 nou
450 508 563 562 temere
593 501 623 560 id
646 502 800 575 statuisse,
830 500 881 561 scd
910 501 1146 568 currendatiouem
1175 504 1240 562 eius
1262 521 1298 562 ex

127 609 271 664 accurata
294 609 326 662 et
349 609 461 664 attenta
485 605 649 664 manavissc
672 603 789 664 dialecti
813 604 915 681 opicae
945 601 1164 663 observatione.
1203 605 1298 682 Atque

127 704 208 764 hanc
231 703 270 764 oh
293 721 411 766 causam
435 702 507 764 utut
530 701 663 781 ἄμεινον
686 701 881 783 ἐγέγραπτο,
911 705 989 784 quod
1012 705 1145 765 scholion
1166 703 1297 783 exhibet,

127 806 209 868 haud
233 808 298 867 scio
320 823 357 866 au
381 807 417 866 ad
440 806 604 867 Aristarchi
627 809 833 867 auctoritatem
856 806 1053 866 revocandum
1076 808 1124 866 sit.

217 903 330 985 3152.
375 907 409 968 ln
437 909 574 968 contione
603 905 816 975 Ithacensium,
852 907 921 968 (lum
949 907 1145 968 Telemachus
1172 914 1202 967 et
1228 902 1348 986 pro-23

126 1028 233 1070 corum
257 1006 410 1088 principes
441 1010 521 1069 iuter
548 1026 580 1068 se
602 1008 800 1078 altercantur,
829 1008 956 1088 lupiter,
986 1016 1018 1069 ut
1039 1007 1209 1070 Telemachi
1231 1027 1297 1068 ora·

128 1113 206 1172 tioui
234 1112 334 1172 lausto
368 1112 468 1171 omine
497 1117 608 1172 annuat
635 1111 796 1190 precisque
831 1101 995 1189 perniciem
1024 1109 1195 1189 portendat,
1225 1110 1298 1172 duas

127 1213 245 1292 aquilas
273 1213 383 1282 mittit,
412 1229 488 1292 quae
517 1229 609 1291 super
632 1212 802 1274 contionem
824 1211 977 1290 paulisper
1007 1219 1139 1272 versatae
1163 1211 1297 1272 dextror-

15 1379 16 1394 p
127 1333 196 1376 sum
219 1314 352 1375 avolant:

259 1413 293 1479 ἐ(
316 1412 350 1478 δ’
372 1412 478 1492 ἰδέτην
500 1411 632 1478 πάντων
656 1411 815 1494 κεφαλάς,
839 1411 975 1478 ὄειοντο
998 1413 1032 1477 δ’
1053 1411 1191 1492 ὄλεθρον

260 1515 458 1594 δρυψαμένω
481 1515 515 1578 δ’
537 1513 681 1592 ὀνύχεεει
703 1515 837 1593 παρειὰς
859 1511 941 1594 ἀμφί
962 1535 996 1579 τε
1019 1514 1125 1593 δειρὰς

259 1616 351 1681 δεξιὼ
374 1616 465 1694 ἤιξαν
487 1616 539 1680 διά
561 1615 593 1679 τ’
616 1614 698 1680 οἰκία
720 1615 770 1680 καὶ
791 1615 887 1680 πόλιν
910 1614 1026 1681 αὐτῶν.
1083 1646 1088 1652 -

128 1721 231 1781 Schol.
256 1717 441 1782 ὄεεοντο·
470 1716 506 1782 ἐν
527 1723 565 1800 τῇ
593 1716 722 1781 Ῥιανοῦ
751 1716 905 1793 eccere,
934 1716 1095 1783 Arrianis
1122 1715 1219 1782 ὄεεαν
1247 1717 1298 1781 καὶ

126 1819 273 1899 κληδόνα
295 1818 438 1884 ἐποίουν.
461 1820 497 1881 Η.
521 1821 563 1881 lle
585 1819 669 1880 rerhi
692 1817 833 1882 liccechot
860 1823 977 1898 origine
1006 1828 1035 1881 et
1057 1838 1127 1880 vera
1150 1821 1298 1898 significa·

127 1927 212 1986 tione
235 1943 295 1984 uon
319 1942 394 2003 opus
422 1929 468 1984 est
490 1921 658 2002 disputare,
688 1940 755 1982 cum
783 1923 841 1982 iam
864 1921 901 1982 ab
924 1922 1097 1983 Aristarcho
1124 1932 1206 1983 recte
1229 1941 1298 2002 per·

128 2032 268 2105 spectum
302 2026 342 2084 sit
383 2023 414 2084 id
447 2041 506 2084 uon
541 2021 709 2084 ducendum
748 2041 813 2084 esse
848 2022 885 2084 ab
923 2021 1014 2098 ὄεια,
1051 2031 1085 2084 ut
1117 2025 1299 2102 significaret

15 2155 16 2210 ι
128 2130 234 2189 dicere
255 2125 303 2186 vel
325 2127 490 2200 accurari,
514 2125 567 2186 scd
590 2123 627 2184 ab
649 2124 743 2185 oculis
766 2121 857 2204 (ὄεεε)
881 2127 983 2203 potius
1005 2131 1036 2185 et
1057 2125 1190 2186 indicare
1205 2128 1299 2186 oculis

15 2215 16 2248 ³
128 2231 235 2292 videm
259 2237 290 2288 et
311 2245 367 2307 per
382 2225 605 2288 translationem
621 2228 725 2310 aalma
743 2227 860 2288 uidere:
882 2245 908 2286 v.
924 2225 1082 2286 Lehrsium
1099 2229 1190 2287 Arist.
1207 2227 1254 2287 erl.
1271 2227 1297 2286 ll

16 2405 17 2412 ἵ
128 2352 160 2412 p.
190 2326 248 2398 87;
285 2338 441 2409 praetcrea
484 2329 539 2390 cir.
578 2325 776 2388 Buttmauaus
812 2327 891 2388 lexil.
921 2328 933 2388 l
969 2347 999 2408 p.
1028 2325 1086 2398 21,
1130 2328 1299 2390 Lobcclrius

128 2433 260 2492 rhcmat.
290 2450 320 2510 p.
344 2426 422 2499 257,
452 2431 503 2509 qui
528 2435 626 2489 tamen
655 2430 811 2507 utriusque
835 2429 970 2490 vocabuli
999 2432 1148 2510 principia
1171 2449 1230 2490 non
1253 2431 1297 2490 di-

16 2527 17 2538 ’
129 2552 217 2595 versa
240 2533 333 2594 luisse
362 2538 460 2610 putat,
496 2531 528 2592 G.
558 2531 678 2592 Curtius
706 2539 796 2611 etym.
825 2548 923 2609 graec.
952 2551 1001 2612 pp.
1023 2529 1096 2592 407.
1119 2528 1192 2593 607.
1236 2531 1298 2592 Hoc

127 2638 197 2698 lece
225 2631 355 2694 maxime
384 2635 509 2693 interest
537 2650 660 2701 eruere,
689 2633 760 2712 quid
791 2633 938 2693 Rhianum
966 2633 1140 2702 ollcmlerit,
1171 2641 1203 2694 ut
1228 2632 1298 2693 iutle

127 2735 203 2818 quid
227 2735 384 2814 scripserit
405 2731 602 2794 coniciamus:
631 2751 700 2794 nam
724 2734 801 2811 quot
825 2734 967 2795 traditum
990 2742 1035 2795 est
1062 2732 1173 2798 ἔαατο
1200 2734 1298 2796 labem

128 2839 318 2900 contraxisse
341 2843 372 2896 et
393 2853 448 2915 per
475 2853 507 2894 sc
536 2843 618 2915 patct
645 2843 675 2896 et
697 2836 808 2896 dudum
837 2835 1020 2897 intellectum
1048 2843 1101 2901 est.
1145 2837 1204 2898 lam
1228 2855 1298 2898 vero

128 2943 245 3003 sciurus
261 2937 352 2998 luisse
368 2939 419 3016 qui
436 2933 578 3000 ὄεεεεθαι
600 2937 637 2998 ab
660 2934 737 3000 ὄεεα
759 2936 929 2998 derivarent
951 2956 1045 3018 eoque
1070 2957 1174 2999 errore
1197 2941 1297 3000 cilice·

18 3117 19 3128 *
127 3049 214 3111 rent,
249 3048 284 3100 ut
311 3039 500 3100 Aristarchus
526 3041 687 3116 genuinam
718 3041 864 3118 origiucm
893 3042 958 3101 eius
986 3038 1070 3099 verbi
1100 3041 1296 3119 patefaceret:

128 3164 191 3226 quo
218 3145 251 3204 in
280 3159 406 3202 numero
433 3147 533 3220 potest
559 3141 693 3202 llhiauus
720 3143 812 3202 luisse
835 3141 945 3210 videri,
980 3159 1048 3201 cum
1076 3140 1165 3201 lectio
1194 3141 1231 3202 ah
1262 3160 1298 3201 eo

18 3311 19 3324 p
128 3247 295 3308 substituta
316 3241 442 3322 Didymo
464 3244 629 3324 interprete
652 3243 732 3303 idem
748 3242 842 3303 valeat
857 3249 944 3321 atque
967 3237 1063 3304 ὄεεαν
1086 3240 1137 3304 καὶ
1158 3239 1299 3320 κληδόνα

128 3344 280 3412 ἐποίουν.
325 3344 384 3406 Sed
418 3362 486 3404 cum
518 3344 605 3406 verbi
644 3339 800 3424 (lecaciter,
837 3345 923 3404 cuius
955 3351 1075 3423 praeter
1106 3346 1299 3424 participium

127 3449 302 3531 praesentis
336 3444 370 3525 (Α
394 3441 465 3507 105.
499 3443 601 3508 317.
636 3442 757 3506 9172.
795 3441 909 3508 α115.
940 3442 1032 3524 υ81)
1068 3453 1097 3506 et
1129 3448 1299 3526 imperiecti

127 3555 244 3614 formas
267 3543 388 3627 (ὄεεετο
411 3566 429 3609 κ
450 3543 521 3609 374.
545 3567 561 3610 c
584 3543 644 3608 153
669 3555 699 3607 et
720 3544 853 3621 ὀρέοντο
882 3543 998 3608 (224.
1022 3550 1039 3624 β
1064 3543 1134 3626 152)
1165 3555 1299 3627 tempora

19 3645 20 3652 '
129 3652 250 3732 reliqua
279 3648 316 3709 ab
345 3647 474 3710 llomcro
501 3667 562 3710 uon
589 3657 732 3729 usurpata
760 3657 843 3720 sunt,
879 3650 966 3712 aliam
994 3651 1137 3719 formam,
1166 3667 1241 3728 quae
1270 3659 1300 3709 et

19 3741 20 3756 ¹
130 3753 302 3817 sententiae
330 3758 361 3811 ct
386 3757 483 3811 metro
506 3751 707 3820 satisfaceret,
736 3750 848 3830 eligere
871 3769 931 3812 nou
959 3758 1075 3830 posset,
1105 3749 1203 3810 simile
1234 3769 1298 3810 vcr-

129 3857 206 3918 hum
229 3852 324 3922 aliud,
348 3851 427 3932 quod
451 3869 534 3912 snam
557 3871 624 3912 cum
653 3848 731 3915 licto
753 3854 929 3914 affinitatem
959 3860 990 3913 et
1011 3853 1260 3930 significationem
1283 3871 1299 3912 a

131 3957 260 4035 Didymo
283 3952 460 4033 explicatam
483 3960 586 4033 aperte
609 3953 790 4024 declararet,
820 3953 857 4014 ah
887 3973 922 4014 eo
950 3956 1080 4034 positum
1103 3971 1168 4015 csse
1190 3952 1298 4033 proha·

132 4058 195 4120 hile
218 4063 271 4116 est
316 4057 412 4134 Atque
434 4054 490 4114 hoc
513 4055 634 4135 quidem
657 4055 770 4116 Porsen
793 4057 923 4117 coniecit
938 4053 1073 4119 ὄεεαντο
1089 4073 1169 4124 esse,
1193 4051 1297 4114 salira·

131 4165 223 4240 ganto
251 4157 346 4218 Maur.
376 4155 555 4226 Schmidtio,
589 4159 640 4236 qui
677 4158 708 4216 in
736 4155 924 4218 Fleckeiseni
958 4156 1054 4217 annal.
1086 4151 1167 4215 1856
1200 4173 1229 4233 p.
1258 4150 1299 4216 95

132 4260 277 4322 Porsenis
299 4257 538 4319 emendationem
560 4256 698 4339 probavit
725 4257 812 4318 etad
836 4258 912 4318 hanc
934 4257 1097 4318 Rhiaueam
1120 4258 1299 4337 scripturam
