3124 4682
634 299 780 399 El„

118 493 329 554 accusativum
357 510 470 572 ponere
498 492 625 562 licebat,
658 492 790 552 dativum
820 501 918 554 tamen
940 497 1053 573 posuit,
1089 513 1126 556 ne
1150 496 1293 557 orationis

116 594 351 672 ambiguitatem
381 594 563 655 admitteret.
614 595 655 654 Ac
683 595 846 656 Rhianeam
879 582 1038 656 lectionem
1068 600 1093 657 si
1122 616 1180 658 non
1209 601 1291 658 coni·

116 697 231 758 ciendo
253 698 370 776 posita,
394 697 446 757 sed
470 699 600 773 genuina
617 704 710 765 esset,
734 715 793 756 non
816 695 1002 758 abiciendam
1026 717 1091 759 csse
1114 718 1181 760 curn
1204 719 1291 761 versu

116 797 211 858 morlo
234 799 403 876 significato
425 807 489 859 tum
513 797 657 878 exemplis
679 797 727 858 his
749 797 934 859 aNitzschio
956 799 976 860 l.
993 800 1012 860 l.
1034 799 1160 876 prolatis
1183 800 1214 863 Μ
1229 798 1292 861 412

107 897 287 976 ,ἀργαλέον
311 897 347 962 δέ
369 897 423 978 μοί
446 897 525 980 ἐττι,
552 898 605 962 καὶ
633 897 752 979 ἰφθίμῳ
774 917 835 976 περ
859 897 958 976 ἐόντι,
987 899 1098 982 μούνῳ
1126 898 1292 985 ῥηξαμένῳ

117 999 228 1064 θὲεθαι
250 1000 340 1078 παρὰ
362 999 451 1077 νηυεὶ
473 999 626 1065 κέλευθον
651 1001 716 1080 (ct'r.
740 999 768 1062 Υ
791 997 863 1081 356)
888 1009 918 1062 et
942 999 964 1062 Ρ
986 998 1049 1064 252
1071 1001 1234 1078 ἀργαλέον
1256 1003 1291 1066 δέ

118 1100 175 1179 μοί
198 1101 261 1164 ἐττι
284 1104 521 1166 οιαικοπιάτθαι
544 1099 676 1168 ἕκαττον
698 1099 866 1178 ἡγεμόνων
891 1111 920 1162 et
947 1105 999 1174 iis,
1030 1123 1105 1183 quae
1134 1107 1292 1166 Classenns

119 1203 216 1265 [teob.
241 1212 300 1264 cet.
325 1221 354 1281 p.
382 1199 440 1264 141
465 1204 599 1282 collegit,
624 1204 797 1282 planissime
820 1205 979 1265 evincitur.

207 1301 323 1378 γ178.
367 1305 475 1366 Nestor
508 1306 543 1365 de
578 1293 757 1365 Achivorum
791 1308 822 1365 in
845 1303 1000 1367 Graeciam
1034 1307 1133 1368 reditu
1165 1304 1340 1370 narrans27

117 1407 255 1467 secondo
279 1415 366 1467 vento
388 1407 447 1466 iter
470 1407 667 1466 acceleratum
690 1425 755 1466 esse
778 1407 869 1467 dicit:

251 1505 336 1585 ὦρτο
360 1505 395 1570 δ’
417 1505 468 1570 ἐπὶ
491 1506 579 1581 λιγὺ(
602 1503 701 1584 ούροτ
723 1505 871 1584 ἀήμεναι·
894 1505 925 1570 αἱ
947 1509 983 1572 δὲ
1005 1507 1082 1588 μάλ’
1106 1509 1174 1572 mea

250 1607 418 1685 ἰχθυόεντα
441 1608 576 1672 κέλευθα
599 1607 784 1686 διέδραμον·
806 1607 839 1671 ἐι
862 1607 898 1672 δέ
921 1610 940 1672 Γ
942 1611 1086 1686 εραιττὸν

165 1709 226 1772 178
249 1708 432 1788 ἐννύχιαι
454 1709 651 1785 κατάγοντο·
674 1709 878 1774 Ποεειοάιονι
900 1711 935 1773 δέ
957 1710 1086 1789 ταύρων

249 1810 350 1874 πόλλ’
372 1810 424 1874 ἐπὶ
446 1810 523 1888 μῆρ’
544 1809 655 1889 ἔθεμεν
663 1859 672 1893 ,
695 1809 837 1886 πέλαγος
860 1811 940 1890 μέγα
962 1814 1182 1892 μετρήιαντετ.

116 1913 221 1975 Schol.
244 1910 440 1990 ἐννύχιαι·
463 1911 496 1975 αἱ
511 1910 639 1978 Ῥιανοῦ
655 1911 834 1991 γράφουειν
849 1911 1044 1992 ἐννύχιοι.
1068 1917 1101 1978 H.
1118 1919 1288 1980 Nitzscbius

115 2017 138 2076 l.
164 2016 184 2077 l.
208 2015 222 2076 1
244 2034 273 2094 p.
300 2012 358 2076 167
382 2015 530 2076 Rhianum
558 2017 599 2076 ita
628 2017 783 2094 scripsisse
812 2017 994 2094 suspicatur,
1023 2036 1081 2078 non
1110 2039 1169 2099 quo
1197 2017 1289 2083 ἐννύ-

116 2135 185 2195 χιοι
209 2118 336 2178 lormam
359 2134 546 2178 communem
569 2135 634 2177 esse
657 2116 873 2187 arbitraretur,
896 2117 948 2177 sed
971 2121 1042 2198 quia
1066 2139 1204 2181 versuum
1228 2140 1288 2181 me-

116 2221 273 2288 minisset,
299 2220 330 2278 in
352 2217 463 2298 quibus
477 2225 600 2288 naulae,
624 2225 656 2278 ut
677 2237 698 2293 γ
722 2216 762 2278 10
784 2215 814 2281 οἱ
836 2217 869 2279 δ’
891 2215 1170 2302 tantummono,
1193 2220 1289 2284 τ202

116 2319 172 2382 τοὶ
193 2319 227 2382 δ’
251 2317 432 2402 ἀνάγοντο,
466 2338 654 2390 nonnanes,
685 2329 717 2381 ut
736 2339 762 2384 τι
785 2316 847 2382 322
875 2317 894 2396 ἡ
924 2318 958 2383 δ’
990 2317 1046 2398 ἀρ’
1079 2320 1180 2387 ἔπειτ’
1212 2322 1287 2387 Ἰθά-

115 2425 218 2499 κηνδε
251 2420 406 2497 κατήγετο
440 2423 518 2498 νηύε
550 2419 697 2502 εὐεργής,
732 2422 883 2501 appellere
915 2423 1098 2486 dicerentur.
1148 2428 1185 2486 nt
1215 2427 1288 2488 baec

116 2543 179 2604 quo
201 2523 289 2584 modo
317 2523 405 2584 bomo
428 2523 619 2584 doctissimus
640 2527 836 2602 pronuntiare
864 2528 1012 2601 potuerit,
1041 2526 1161 2588 difficile
1184 2537 1230 2588 est
1252 2529 1287 2590 atl

115 2625 364 2703 intellegendum.
410 2624 486 2685 Nam
509 2622 649 2701 ἐννύχιοι
672 2625 816 2686 hocloco
839 2632 890 2686 aut
904 2627 1059 2688 masculini
1084 2638 1135 2690 aut
1149 2631 1287 2691 leminini

115 2727 242 2806 generis
270 2745 335 2788 esse
357 2733 488 2786 statuere
517 2726 622 2787 debuit
648 2726 792 2788 Rhianus.
837 2727 972 2788 Tertium
999 2747 1059 2789 non
1088 2731 1185 2792 datur.
1229 2731 1288 2792 Pro

116 2828 287 2890 masculino
310 2835 407 2890 autem
431 2830 568 2906 accipere
591 2829 672 2889 nollo
695 2829 782 2889 modo
805 2829 914 2908 potuit,
939 2847 1006 2890 cum
1027 2829 1205 2906 κατάγοντο
1229 2836 1287 2894 nisi

116 2931 157 2992 ad
180 2948 271 2990 nares
295 2926 341 3007 (oti
364 2927 399 2991 δὲ
421 2927 499 3005 μάλ’
528 2926 595 2992 αἰκα
618 2935 686 3010 cet.)
710 2930 819 2991 relerri
846 2949 905 2991 non
933 2947 1020 3010 posse
1044 2951 1079 2991 ex
1103 2952 1139 2993 eo
1162 2953 1287 3013 appare·

116 3039 185 3107 ret,
210 3031 290 3110 quod
311 3030 421 3092 Hester
443 3033 474 3091 in
499 3034 593 3110 ipsius
616 3033 686 3093 latis
709 3032 885 3092 enarrandis
907 3031 1018 3111 ubique
1041 3035 1137 3113 prima
1159 3054 1285 3114 persona

115 3136 231 3201 utitur,
261 3131 352 3192 veluti
383 3134 414 3192 in
437 3151 525 3195 verso
548 3135 718 3212 insequenti
739 3131 851 3211 ἔθεμεν
875 3133 964 3203 dicit,
993 3137 1035 3194 ita
1065 3142 1098 3195 ut
1126 3138 1151 3195 si
1179 3147 1286 3198 nautae

115 3236 346 3313 cogitarentur,
385 3233 586 3312 καταγόμεθα
623 3234 782 3296 dicendum
820 3236 922 3296 luerit.
973 3235 1052 3313 Ergo
1084 3237 1156 3315 quid
1194 3247 1288 3300 restat

115 3337 217 3406 aliod,
248 3353 336 3415 quarn
366 3344 398 3396 ut
430 3336 576 3396 Rhianum
605 3343 745 3416 putemus
777 3338 920 3397 reiecisse
955 3337 1131 3399 insolentem
1159 3340 1286 3402 sormam

114 3439 297 3501 femininam
319 3434 467 3514 ἐννυχίηῖ
489 3437 570 3506 Quae
593 3437 673 3498 nollo
696 3445 852 3516 praeterea
873 3438 950 3518 apotl
971 3438 1132 3501 Homerum
1154 3442 1219 3503 loco
1242 3446 1287 3504 in·

115 3543 256 3609 venitur,
281 3557 349 3600 nam
371 3534 396 3600 Λ
418 3535 481 3600 683
502 3535 683 3615 ἠλαιάμεθα
700 3584 707 3600 .
724 3587 731 3601 .
748 3535 889 3616 ἐννύχιοι
916 3539 1012 3617 προτὶ
1038 3538 1114 3604 &cru
1143 3549 1173 3603 et
1195 3542 1224 3605 Φ
1245 3542 1285 3606 37

114 3639 271 3718 ἐννύχιοτ
293 3637 470 3718 προμολών
495 3637 542 3718 (ἀο
557 3639 670 3700 Achille
693 3642 801 3719 agitor)
823 3641 1019 3702 masculinnm
1041 3661 1134 3721 genus
1156 3649 1286 3723 positum

116 3752 175 3806 est.
222 3742 323 3804 Noluit
350 3743 445 3819 igitur
477 3742 532 3802 hac
561 3743 657 3802 lorma
685 3743 859 3822 amplificari
888 3763 1044 3806 numerum
1073 3746 1286 3810 adiectivorum

115 3846 372 3924 compositorum,
407 3861 482 3922 quae
511 3843 589 3923 apud
611 3843 774 3905 Homerum
797 3845 980 3924 peculiarem
1010 3846 1120 3908 babent
1148 3849 1286 3910 seminini

116 3949 244 4028 generis
272 3947 530 4007 terminationem:
561 3947 597 4006 de
626 3945 736 4026 quibus
763 3947 830 4008 vide
858 3947 1008 4026 Hruegeri
1037 3965 1162 4026 gramm.
1192 3969 1236 4028 gr.
1260 3950 1287 4010 ll

116 4048 143 4129 §
167 4043 223 4119 22,
245 4045 275 4117 3,
298 4044 330 4107 2.
375 4045 459 4117 Quod
482 4065 553 4108 nom
575 4055 657 4108 recte
681 4047 799 4117 lecerit,
824 4048 934 4127 ambigi
957 4057 1070 4129 potest:
1094 4051 1149 4110 boc
1172 4059 1286 4111 certum

117 4159 167 4212 est
192 4152 250 4211 iam
278 4149 384 4230 primis
412 4157 479 4228 post
500 4150 663 4210 Homerum
692 4150 878 4229 temporibus
906 4158 1021 4211 veteres
1048 4170 1108 4210 non
1135 4154 1285 4230 putavisse

116 4255 180 4314 hoc
203 4253 378 4312 lernininum
396 4251 603 4332 'respuendum
627 4269 708 4322 esse,
738 4255 823 4312 cuius
850 4255 896 4313 rei
919 4251 1052 4331 exernpla
1075 4260 1192 4314 exstant
1214 4257 1285 4318 satis
