3112 4684
683 261 725 327 85

115 461 227 514 nactus
250 451 322 530 est),
346 456 371 512 si
394 454 477 532 quis,
501 459 535 511 ut
556 452 671 523 Vlixes,
701 473 717 514 a
740 471 811 534 rege
834 452 966 531 benigno
989 454 1118 534 hospitio
1141 457 1290 535 excipitur

116 552 317 632 (ἐκομίιιατο
338 551 429 634 316),
453 553 490 615 ab
514 556 579 631 ipso
601 557 682 632 regis
704 555 763 615 tilia
786 573 876 614 mauu
898 554 1070 616 sublevatus
1092 556 1211 617 domum
1235 558 1287 617 du-

114 659 217 726 citur,
241 659 430 718 vestimentis
452 656 595 724 donatur,
619 655 654 716 ad
679 657 769 716 alium
793 656 922 732 denique
950 674 1052 734 regem
1076 675 1142 718 cum
1166 676 1235 718 cura
1259 668 1289 719 et

115 757 277 836 diligentia
299 760 427 818 mittitur
452 755 585 836 (πέμψαι
607 754 765 820 ἐνδυκέως
787 775 812 816 v.
828 753 920 835 337)i
944 757 1055 819 Saltem
1077 756 1122 823 ὡ(
1143 761 1289 839 particula

115 859 278 920 adicienda
301 867 383 920 erat:
407 861 505 940 ‘quasi
528 855 684 934 doptdmc
706 861 807 920 csset'.
831 858 923 920 llulto
952 867 1084 939 praestat
1106 861 1139 922 G.
1164 860 1289 922 Curtii
1398 875 1405 886 ’

114 962 214 1032 ratio,
248 963 301 1040 qui
334 968 424 1041 etym.
458 977 505 1038 gr.
537 979 567 1040 p.
590 955 651 1021 571
676 959 732 1019 hoc
765 958 939 1019 vocabulum
971 961 1067 1020 lorma
1097 962 1286 1031 adiectivunr,

115 1063 341 1140 significatione
378 1061 552 1124 adverbium
590 1078 655 1122 esse
692 1061 814 1121 statuit:
857 1061 995 1122 feminini
1033 1063 1112 1122 enim
1150 1064 1288 1124 adiectivi

114 1161 258 1240 ἀπριάτη
289 1165 488 1225 accusativum
515 1163 637 1241 quidem
666 1162 826 1240 intellegit,
864 1162 915 1222 sed
944 1164 995 1242 qui
1025 1163 1158 1224 adverbii
1186 1173 1289 1244 partes

115 1264 262 1334 subierit,
287 1266 404 1325 collatis
425 1260 542 1346 ἄντην,
565 1261 725 1343 ἀντιβίην,
748 1262 893 1340 exemplis
915 1263 996 1337 aliis,
1021 1282 1096 1342 quae
1119 1265 1288 1326 Lobeclrius

113 1367 213 1446 paral.
244 1385 274 1445 p.
304 1362 368 1427 363
401 1365 536 1444 protulit.
580 1366 672 1426 Cuius
702 1365 836 1442 vestigiis
873 1367 1026 1426 novIssimi
1058 1369 1186 1445 ingressi
1219 1376 1288 1428 sunt

113 1469 254 1528 editores
274 1468 424 1530 Ameisius
456 1474 501 1536 et,
536 1467 561 1527 si
593 1474 673 1526 recte
704 1467 769 1526 eius
801 1465 892 1527 verba
919 1467 1067 1538 intellexi,
1092 1469 1286 1530 [luentzcrus.

112 1570 230 1630 Verum
254 1569 290 1629 de
313 1569 369 1629 hac
390 1587 424 1630 re
447 1569 626 1629 existimatio
649 1586 702 1629 sua
724 1569 833 1647 cuique
862 1570 915 1628 sit:
939 1587 1005 1629 mea
1028 1588 1087 1629 non
1110 1577 1171 1630 tam
1192 1572 1286 1631 inter·

112 1677 185 1732 erat
217 1673 422 1750 quaestionem
451 1670 661 1750 perdifficilem
696 1669 810 1730 solvere
840 1689 928 1752 quam
958 1671 1163 1734 difficultatem
1191 1674 1286 1753 ipsam

113 1773 254 1833 indicare
277 1781 307 1832 et
329 1773 477 1834 Rhianum
498 1791 558 1833 non
581 1773 647 1833 sine
670 1772 831 1849 sagacitate
860 1779 890 1832 et
916 1773 980 1832 veri
1003 1791 1093 1834 sensu
1115 1776 1212 1851 egisse
1235 1774 1286 1834 de·

110 1881 296 1938 monstrare.

203 1981 220 2042 ξ
242 1972 315 2038 343.
360 1975 393 2036 ln
416 1977 520 2038 eadem
543 1975 713 2036 narratione
736 1973 850 2046 Vlixes,
873 1992 940 2036 cum
963 1976 993 2036 in
1016 1976 1074 2037 alto
1097 1984 1190 2048 esset,
1214 1997 1246 2039 se
1269 1973 1336 2039 242

111 2079 243 2161 perfidis
270 2079 370 2139 nautis
391 2078 567 2157 Thesprotia
596 2077 783 2161 vestimentis
805 2084 928 2137 exutum
956 2084 986 2136 et
1013 2079 1120 2157 pannis
1148 2079 1286 2140 indutum

112 2201 184 2244 csse
207 2181 296 2242 dicit:
946 2250 955 2272 l

248 2279 283 2344 έκ
305 2279 362 2358 μέν
384 2298 421 2357 με
444 2277 579 2357 χλαῖνάν
601 2298 636 2342 τε
658 2276 779 2356 χιτῶνά
799 2297 834 2342 τε
856 2276 959 2356 εἵματ’
981 2276 1113 2361 ἔδνιαν,

248 2380 330 2461 ἀμφὶ
352 2381 387 2445 δέ
408 2400 462 2459 μοι
485 2379 583 2459 ῥάκο(
605 2377 686 2444 ἄλλο
709 2380 807 2444 κακὸν
832 2378 932 2459 βάλον
954 2373 1013 2458 ἠδὲ
1034 2384 1168 2462 χιτῶνα,

247 2481 447 2564 ῥωγαλέα,
469 2482 510 2546 τὰ
531 2481 583 2545 καὶ
604 2479 702 2546 αὐτὸ(
725 2481 760 2545 ἐν
782 2479 996 2561 ὀφθαλμοῐιιν
1019 2479 1122 2561 ὅρηαι.

112 2589 218 2652 Schol.
247 2584 374 2650 ‘Provbc
402 2583 621 2663 ῥωγαλέον.
650 2585 686 2645 Η.
729 2585 793 2645 Ηοο
822 2585 1003 2647 adiectivum
1031 2594 1178 2648 commate
1207 2588 1285 2666 quod

111 2691 273 2772 praecedit
296 2688 393 2749 deleto
416 2688 452 2750 ad
475 2687 595 2764 χιτῶνα
616 2687 742 2748 rettulit.
779 2684 864 2755 Quod
880 2703 1059 2766 quamquam
1080 2706 1134 2767 per
1157 2695 1285 2748 metrum

112 2795 184 2856 fieri
207 2793 295 2861 licet,
319 2797 419 2851 tamen
440 2791 566 2850 criticus
588 2796 691 2850 noster
704 2789 755 2849 hic
770 2789 898 2867 quodam
919 2788 1007 2850 modo
1030 2806 1046 2847 a
1068 2807 1101 2851 se
1124 2790 1284 2851 descivisse

113 2894 270 2976 putandus
293 2899 338 2952 est
360 2899 390 2953 et
411 2869 533 2952 temere'
550 2891 698 2970 vulgatam
721 2892 902 2969 scripturam
919 2890 1094 2960 mutavisse,
1118 2909 1186 2952 nam
1208 2891 1284 2953 duae

112 2998 187 3058 illae
210 3013 332 3064 causae,
366 2993 476 3074 quibus
504 3011 574 3053 eum
601 2991 753 3070 inpulsum
783 3011 848 3053 esse
878 2991 965 3052 facile
993 2993 1194 3073 perspicitur,
1225 3011 1284 3054 non

112 3100 244 3160 idoneae
272 3103 356 3165 sunt,
391 3094 501 3174 quibus
529 3094 616 3155 nohis
649 3093 836 3172 persuadeat.
881 3095 921 3152 Ac
954 3095 1087 3172 priorem
1119 3112 1238 3155 causam
1267 3114 1284 3156 e

112 3208 216 3260 metro
238 3199 342 3278 petiit,
367 3198 436 3274 quia
459 3195 562 3256 ultima
585 3195 694 3276 syllaba
718 3194 851 3255 vocabuli
879 3191 1043 3274 ῥωγαλέα,
1072 3213 1148 3276 quac
1176 3204 1284 3256 natura

112 3302 218 3364 brevis
241 3307 300 3370 est,
323 3301 354 3359 in
378 3316 465 3360 versu
487 3298 633 3376 producta
655 3305 834 3379 usurpatur:
869 3303 898 3356 at
927 3296 1017 3356 huius
1041 3315 1111 3358 usus
1133 3315 1193 3357 uon
1215 3316 1285 3360 rara
1399 3370 1402 3378 Ι

113 3421 184 3465 esse
208 3402 360 3479 exempla,
385 3393 421 3460 'id
445 3399 523 3480 quod
546 3406 633 3477 poeta
662 3401 779 3477 epicus,
809 3400 861 3478 qui
887 3397 1050 3476 permultos
1083 3417 1187 3461 versus
1214 3419 1283 3461 con·
1309 3423 1313 3430 ·

113 3505 210 3572 didit,
233 3505 312 3564 scire
334 3509 466 3582 poterat,
497 3519 532 3562 cx
555 3503 594 3562 iis
615 3500 814 3578 intellegitur,
843 3517 919 3580 quae
942 3500 1091 3562 Ameisius
1116 3502 1152 3562 ad
1179 3520 1200 3576 γ
1220 3498 1285 3564 230

112 3596 277 3668 adnbtavit.
321 3603 422 3664 Altera
444 3619 532 3664 causa
554 3604 585 3662 in
609 3620 644 3662 co
659 3601 754 3680 posita
777 3609 834 3671 est,
863 3601 943 3682 quod
965 3603 1109 3664 orationis
1131 3605 1284 3664 concinui·

111 3709 173 3770 tati
201 3705 359 3768 consulere
387 3703 445 3765 sibi
477 3703 648 3773 videbatur,
683 3705 707 3764 si
730 3704 879 3774 citiceret,
913 3711 947 3764 ut
981 3722 1041 3764 non
1065 3705 1152 3764 modo
1175 3701 1283 3786 ῥάκοι,

112 3808 169 3871 sed
192 3810 283 3870 etiam
306 3809 427 3884 χιτῶνα
453 3805 585 3884 epitheto
608 3812 777 3866 ornaretur.
822 3805 880 3866 Sed
903 3808 929 3867 si
951 3806 1007 3866 hoc
1030 3805 1141 3885 ubique
1164 3805 1283 3866 efficere

110 3910 273 3979 voluisset,
306 3909 430 3986 plurimi
457 3926 561 3968 versus
593 3909 625 3968 in
648 3906 779 3968 Homero
806 3906 939 3968 mutandi
967 3913 1066 3976 erant,
1101 3925 1157 3968 nec
1184 3914 1283 3968 tamen

112 4030 221 4074 omnes
242 4018 304 4070 tam
320 4012 381 4071 leui
402 4010 537 4070 remedio
559 4015 705 4078 sanasset,
729 4028 798 4070 uam
813 4011 929 4078 versui,
953 4010 1004 4088 qui
1027 4008 1097 4068 huic
1120 4015 1165 4069 est
1187 4007 1281 4068 simil-

111 4117 220 4183 limus,
245 4131 264 4174 v
286 4108 351 4172 434
372 4109 453 4188 ἀμφὶ
485 4109 520 4172 δέ
543 4129 594 4188 μιν
618 4106 715 4187 ῥάκος
737 4106 818 4172 ἄλλο
841 4106 939 4172 κακὸν
966 4107 1062 4186 βάλεν
1084 4105 1142 4183 ἠδέ
1162 4109 1282 4185 χιτῶνα

114 4211 277 4296 ῥωγαλέα,
294 4209 476 4292 ῥυπόωντα,
492 4216 578 4295 κακῷ
593 4209 815 4289 μεμορυγμένα
829 4213 942 4293 καπνῷ
955 4209 1077 4273 eandem
1094 4211 1278 4274 curationem
