3124 4682
761 317 912 417 ju

221 587 222 592 ¹
254 508 426 578 inscientia,
450 509 649 589 necessariam
673 526 738 568 esse
754 508 923 570 affirmabit.
955 509 1014 571 Clr.
1039 529 1113 590 quae
1128 509 1273 572 dmeisius
1296 513 1332 572 ad
1356 513 1384 573 h.
1403 513 1421 573 l.

255 617 285 670 et
306 611 324 671 δ
347 606 420 670 476.
443 613 462 670 θ
485 605 526 670 90
549 617 633 670 recte
657 610 818 672 adnotavit.

190 705 248 771 ‘33
341 707 430 774 210.
474 709 655 778 Nausithous
684 709 833 772 Phaeaces
866 713 897 772 in
926 713 1053 774 insulam
1083 711 1235 775 Scheriam
1265 715 1423 776 deduxisse

255 813 357 892 ibique
380 831 486 873 novam
510 811 615 873 urbem
638 814 804 874 condidisse
827 822 981 875 narratur:

383 911 465 977 εῐεεν
489 913 525 977 δέ
548 911 658 997 (χερῖῃ
679 911 752 978 έκὰε
775 912 903 993 ἀνδρῶν
926 913 1135 996 ἀλφηετάων,

382 1011 462 1094 ἀμφὶ
484 1015 520 1078 δὲ
543 1015 649 1094 τεῑχοε
673 1013 782 1079 έλαεεε
805 1011 897 1079 πόλει
919 1015 970 1079 καὶ
993 1014 1138 1094 ἐδείματο
1162 1015 1287 1100 οἴκονε,

382 1115 434 1178 καὶ
456 1115 555 1194 νηοὺε
577 1115 689 1195 ποῖηεε
711 1119 812 1181 θεῶν
835 1117 886 1181 καὶ
901 1115 1047 1181 ἐδάεεατ’
1070 1117 1219 1198 ἀρούραε.

256 1217 354 1278 Schol.
379 1218 492 1282 θεῶν·
519 1215 646 1282 Ῥιανόε
669 1219 788 1281 θεοῑε.
811 1220 847 1280 Η.
892 1221 951 1282 Cur
980 1221 1109 1282 dativum
1132 1222 1263 1284 Rhianus
1285 1225 1422 1300 genetivo

256 1322 473 1398 anteposuerit,
505 1339 565 1380 non
595 1321 664 1380 satis
686 1321 789 1400 liquet.
835 1321 908 1382 Cum
931 1319 1008 1398 νηόε
1032 1321 1093 1383 sive
1120 1319 1199 1386 ναδε
1226 1323 1289 1384 sive
1310 1325 1422 1385 Attico·

255 1440 321 1481 rum
336 1419 419 1483 νεώε
435 1423 496 1482 nisi
520 1423 555 1482 de
573 1422 696 1482 deorum
720 1421 854 1483 delubris
877 1441 935 1484 non
960 1423 1126 1500 diceretur,
1151 1427 1217 1486 lieri
1239 1433 1366 1504 potarat,
1391 1433 1424 1486 ut

256 1529 374 1600 putaret
401 1523 569 1600 genetivum
598 1524 699 1596 θεῶν,
732 1525 783 1604 qui
812 1523 886 1584 nihil
914 1526 981 1584 novi
1004 1523 1085 1586 addit
1113 1527 1149 1586 ad
1171 1523 1271 1603 νηούε
1299 1535 1327 1587 et
1356 1546 1423 1588 cum

256 1623 312 1684 hoc
336 1627 513 1684 coniunctus
535 1625 681 1702 significat
703 1626 732 1685 id
756 1625 835 1706 quod
850 1627 1008 1687 vernacula
1024 1627 1124 1706 lingua
1148 1627 1272 1688 dicimus
1293 1627 1423 1689 *θοινατ-

254 1725 388 1804 tempel',
417 1725 589 1804 languidum
618 1745 683 1788 esse
714 1727 759 1787 vel
787 1727 860 1787 adeo
889 1727 1072 1799 redundare,
1102 1738 1131 1789 et
1159 1731 1241 1810 pium
1268 1729 1423 1799 Nausithoi

256 1828 401 1897 animum,
431 1847 489 1908 quo
516 1847 575 1888 non
598 1829 685 1888 modo
707 1827 764 1888 sibi
787 1829 922 1907 suisque,
952 1830 1004 1890 sed
1032 1831 1119 1891 etiam
1147 1832 1211 1891 deis
1239 1832 1420 1903 consuleret,

256 1929 422 1990 distinctius
456 1947 521 1990 esse
548 1929 746 1990 indicandum.
792 1929 983 1991 Posterorum
1011 1932 1089 1991 enim
1119 1931 1300 1994 Graecorum
1329 1953 1422 2004 more,

256 2031 395 2110 quicum
419 2030 549 2091 colonias
571 2031 770 2101 deducerent,
798 2033 965 2110 patriorum
995 2031 1119 2093 deorum
1143 2032 1255 2095 cultum
1278 2036 1308 2094 in
1333 2055 1425 2097 novas

256 2131 343 2192 sedes
364 2131 601 2202 transferebant,
632 2133 680 2192 ille
703 2131 755 2192 ubi
778 2151 846 2192 cum
869 2134 931 2194 suis
953 2135 1089 2194 consedit
1111 2153 1290 2215 murumque
1319 2145 1349 2198 et
1371 2138 1423 2198 do·

256 2251 322 2293 mus
345 2233 525 2304 aedificavit,
555 2234 619 2294 dcis
641 2235 692 2314 qui
714 2236 863 2313 pristinae
885 2236 998 2314 patriae
1023 2235 1145 2297 tutelam
1174 2245 1344 2315 gesserant,
1367 2240 1424 2301 La-

256 2332 342 2394 ribus
374 2341 403 2394 et
430 2333 591 2396 Penatibus
619 2335 730 2414 templa
758 2335 903 2396 exstruxit
931 2343 960 2396 et
987 2337 1184 2409 consecravit,
1218 2347 1252 2401 ut
1284 2343 1315 2400 in
1348 2360 1424 2402 nova

256 2454 373 2516 quoque
389 2437 484 2515 patna
501 2437 685 2498 domicilium
707 2437 745 2498 iis
760 2437 1002 2498 constitueretur.
1033 2440 1172 2501 Fortasse
1188 2441 1323 2504 Rhianus
1344 2442 1425 2503 hunc
1457 2523 1461 2530 ⁶
1537 2511 1538 2520 ρ

257 2537 386 2598 dativum
411 2538 498 2597 simul
514 2538 549 2598 ad
566 2534 713 2600 ἐδάεεατ’
735 2535 877 2616 ἀρούρας
896 2536 1050 2619 pertinere
1066 2542 1172 2613 voluit,
1196 2549 1229 2603 ut
1243 2541 1426 2604 Nausithous
1537 2523 1538 2548 ἐ

257 2639 320 2700 deis
337 2645 402 2699 'non
425 2639 520 2699 solum
547 2639 657 2718 templa
685 2639 908 2712 exaedificasse,
936 2661 1040 2704 verum
1069 2645 1159 2704 etiam
1188 2639 1333 2721 ἀρούραε
1353 2647 1373 2705 i.
1397 2665 1423 2705 e.

255 2737 384 2818 τεμένη,
409 2758 496 2818 agros
519 2759 619 2802 sacros
642 2741 784 2802 dicavisse
808 2741 972 2814 diceretur;
996 2745 1053 2804 nisi
1075 2751 1206 2806 statuere
1229 2747 1333 2822 mavis,
1356 2765 1424 2808 eum

257 2841 333 2908 hano
355 2842 513 2902 lectionem
536 2861 572 2902 ex
595 2850 710 2904 vetusto
733 2845 897 2923 exemplari
919 2847 1079 2926 recepisse.
1115 2847 1157 2907 lta
1180 2854 1261 2908 certe
1285 2847 1424 2908 facillime

257 2943 435 3023 explicatur,
460 2961 513 3005 cur
536 2941 703 3022 genetivum
726 2947 898 3016 mutaverit,
922 2949 973 3027 qui
996 2956 1164 3008 ceterorum
1185 2946 1330 3009 librorum
1354 2968 1425 3010 con·

208 3075 213 3090 w
258 3033 396 3108 firmatur
418 3049 595 3108 auctoritate
618 3065 673 3106 nec
696 3049 856 3127 quicquam
878 3045 983 3118 habet,
1007 3049 1086 3128 quod
1109 3049 1173 3109 iure
1189 3049 1403 3130 reprehendas.

206 3139 251 3206 34
342 3149 359 3213 Ζ
394 3141 450 3220 44,
488 3149 539 3210 ubi
576 3147 733 3229 Olympus,
777 3149 901 3210 deorum
939 3149 1038 3220 sedes,
1082 3149 1205 3212 uberius
1241 3151 1424 3232 depingitur,

256 3249 397 3328 legimus:

460 3349 534 3414 οὔτ’
556 3349 697 3430 ἀνέμοιτι
718 3347 892 3414 τινάεεεται
915 3349 990 3416 οὔτε
1011 3349 1090 3416 ποτ’
1112 3347 1221 3436 ὄμβρῳ

386 3451 510 3516 δεύεται
533 3451 609 3516 οὔτε
631 3451 711 3529 χιὼν
734 3448 950 3530 ἐπιπίλναται,
972 3451 1056 3516 ἀλλὰ
1078 3452 1155 3533 μάλ’
1177 3452 1291 3534 αἴθρη

384 3554 541 3618 πέπταται
557 3551 734 3634 ἀνέφελος,
758 3553 852 3632 λευκὴ
868 3553 903 3617 δ’
918 3552 1126 3633 ἐπιδέδρομεν
1149 3553 1250 3634 αἴγλη.

259 3657 358 3718 Schol.
387 3653 519 3734 αἴθρη·
552 3653 678 3719 ‘Precor
705 3652 829 3733 αἰθήρ.
858 3656 932 3718 ΗΡ.
979 3657 1051 3718 Cum
1080 3655 1173 3736 αἴθρη
1201 3659 1307 3720 idoneo
1335 3678 1424 3720 sensu

258 3777 317 3818 non
346 3766 446 3818 eareat
472 3775 569 3836 neque
599 3756 674 3818 alius
708 3776 848 3837 umquam
876 3762 1090 3836 grammaticus
1118 3759 1333 3822 dubitationem
1361 3781 1424 3822 mo-

259 3859 348 3929 verit,
373 3859 469 3938 primo
492 3865 613 3938 aspectu
636 3859 814 3929 credideris,
843 3860 991 3920 Rhianum
1020 3861 1152 3922 haesisse
1175 3863 1207 3921 in
1230 3863 1295 3922 soni
1312 3850 1424 3923 simili·

258 3961 361 4021 tudine
385 3959 594 4022 vocabulorum
617 3957 710 4039 αἴθρη
734 3969 763 4023 et
785 3949 879 4039 αἴγλη
902 3965 934 4023 ἴα
957 3981 1097 4024 versuum
1125 3965 1182 4024 line
1205 3965 1371 4043 positorum
1395 3972 1425 4025 et

259 4061 334 4124 hanc
356 4059 563 4142 κακοφωνῖαν
587 4063 733 4124 sublatam
755 4064 899 4137 voluisse3
929 4065 980 4124 sed
1004 4066 1031 4125 si
1053 4065 1089 4124 ad
1112 4067 1264 4126 notionem
1287 4073 1423 4127 elusum

259 4183 363 4226 eorum
386 4167 565 4236 attenderis,
594 4165 672 4226 haud
702 4168 763 4226 scio
787 4185 822 4227 an
847 4167 902 4227 alia
927 4185 995 4226 eum
1018 4185 1106 4226 causa
1136 4166 1256 4227 ductum
1279 4186 1345 4228 esse
1367 4167 1425 4228 tihi

259 4267 449 4345 persuadeas.
493 4269 596 4330 Talem
625 4270 705 4329 enim
732 4271 982 4348 perquisitionem
1003 4267 1152 4329 Rhianum
1180 4265 1260 4330 haud
1287 4270 1425 4332 omisisse
