3124 4682
224 509 370 568 inermem
392 505 533 566 insidiose
549 513 776 585 oppresserunt,
801 505 908 583 gaudio
925 505 995 566 elati
1016 512 1077 575 tam
1098 505 1285 566 inmoderato
1300 508 1385 585 potui

225 627 255 668 se
279 609 438 677 dederunt,
465 615 495 667 ut
518 605 662 666 ebrietate
692 607 781 686 sopiti
803 605 840 666 ah
864 609 1049 667 Aristomene
1079 625 1240 686 generosae
1263 610 1390 686 virginis

224 729 280 788 ope
309 709 436 769 liberato
464 707 552 768 facile
582 709 824 768 interficerentur
858 714 888 766 et
915 726 968 767 suo
996 709 1132 787 exemplo
1160 709 1390 788 comprobarent

225 809 296 870 illud
328 809 443 886 Κρῆτες
472 807 522 871 ἀεὶ
550 810 697 888 uesicam,
728 807 808 870 κακὰ
836 807 943 889 θηρία,
977 808 1124 886 γαετέρεε
1152 807 1256 886 ἀργαί.
1301 811 1389 871 Certe

225 912 359 972 Rhianus
394 913 451 972 nisi
484 913 580 990 patria
613 919 729 972 mature
759 909 865 971 relicta
900 913 965 972 eius
992 911 1080 990 plane
1110 906 1221 972 oblitus
1248 914 1389 992 omnique

225 1016 347 1074 caritate
372 1021 477 1073 exutus
500 1021 593 1082 esset,
625 1013 680 1072 hoc
702 1013 890 1093 popularium
920 1031 1041 1072 suorum
1064 1014 1160 1073 lamae
1183 1013 1313 1073 dandum
1334 1019 1389 1092 pu-

225 1117 360 1184 tavisset,
386 1122 417 1175 ut
440 1115 627 1175 Cretensium
650 1115 682 1173 in
705 1113 802 1173 locum
825 1113 898 1172 alios
921 1131 957 1172 ex
973 1112 1276 1174 Lacedaemoniorum
1300 1116 1391 1174 sociis

225 1215 429 1276 substitueret.
475 1215 558 1285 Quod
593 1234 628 1275 eo
660 1217 722 1274 veri
746 1215 873 1274 similius
895 1222 954 1283 est,
979 1233 1046 1274 cum
1068 1216 1146 1295 quod
1170 1217 1391 1276 mercennarios

226 1318 383 1379 Cretenses
406 1320 531 1378 carmini
555 1319 698 1392 intexuit,
728 1316 758 1375 id
787 1335 846 1376 non
870 1334 905 1375 ex
934 1314 1087 1376 veteribus
1109 1317 1323 1378 Messeniorum
1346 1319 1389 1378 l·

226 1418 304 1480 hulis
328 1422 469 1498 petitum,
494 1419 564 1490 sed,
585 1427 617 1480 ut
640 1419 692 1479 Od.
717 1418 877 1478 Muellerus
901 1417 937 1478 de
961 1417 1097 1478 horiens.
1120 1418 1133 1478 l
1155 1438 1184 1498 p.
1204 1415 1265 1480 144
1287 1419 1389 1480 ohser-

226 1523 322 1588 vavit,
368 1518 547 1580 recentioris
585 1522 685 1599 poesis
726 1519 870 1580 indicium
909 1538 974 1580 esse
1013 1521 1162 1580 videatur:
1211 1522 1265 1580 cir.
1300 1523 1390 1582 etiam

226 1622 375 1688 Hoechius
392 1623 497 1682 Cretae
514 1622 554 1682 lll
570 1642 599 1702 p.
615 1619 688 1682 461.
720 1620 807 1692 'Quae
824 1641 891 1682 cum
908 1625 948 1682 ila
970 1640 1000 1682 se
1016 1621 1158 1691 habeant,
1189 1624 1254 1682 iure
1277 1623 1389 1683 hicine·

226 1723 294 1782 hius
316 1725 401 1792 lecit,
431 1723 507 1802 quod
538 1725 787 1784 commentatione
816 1739 870 1783 sua
896 1723 932 1783 de
955 1723 1071 1784 Rhiano
1093 1723 1242 1784 Analectis
1264 1723 1390 1786 Alexan·

226 1825 322 1884 drinis
346 1827 457 1884 inserta
481 1825 559 1885 hunc
576 1825 782 1886 Alexandrinis
804 1827 901 1904 poetis
924 1833 953 1885 ct
975 1827 1177 1903 grammaticis
1193 1825 1390 1886 adnumeran-

227 1927 296 1986 dum
320 1943 384 1986 esse
408 1925 577 1986 declaravit.
623 1927 695 1988 Cum
720 1934 818 1988 autem
841 1927 949 1987 Rhiani
979 1929 1055 1988 vitae
1078 1927 1132 1987 hos
1154 1930 1298 1988 terminos
1321 1947 1391 1988 corr-

226 2029 426 2096 stituerimus,
451 2035 483 2088 ut
506 2028 542 2088 ah
566 2047 643 2090 anno
665 2024 728 2090 250
752 2030 814 2090 lere
839 2030 932 2109 usque
956 2029 991 2090 ad
1016 2047 1124 2089 annum
1147 2023 1211 2089 200
1232 2031 1390 2108 pertineat,

226 2147 352 2208 cumque
376 2129 557 2192 Zenodotum
581 2130 626 2192 Ol.
653 2128 712 2192 133
741 2134 802 2191 sive
832 2151 908 2192 anno
931 2127 993 2191 248
1022 2138 1149 2190 mortem
1173 2129 1298 2198 obiisse,
1324 2133 1391 2191 Ari-

227 2231 402 2308 stophanem
439 2233 615 2311 Byzantium
645 2231 688 2296 Ol.
720 2230 780 2293 144
814 2235 875 2293 sive
910 2251 986 2292 anno
1014 2228 1078 2291 204
1110 2232 1246 2292 lloruisse
1282 2232 1391 2292 Suidae

226 2333 397 2393 testimonio
411 2336 574 2404 evincatur,
591 2337 853 2411 grammaticorum
866 2333 1132 2394 Alexandrinorum
1144 2334 1243 2393 ordini
1258 2333 1392 2394 Rhianus

226 2435 267 2492 ita
296 2435 532 2513 interponendus
561 2438 633 2505 erit,
663 2443 696 2494 nl
725 2454 783 2496 una
811 2453 879 2495 eum
907 2435 1102 2495 Eratosthene
1132 2435 1228 2496 locum
1258 2434 1393 2496 obtineat

226 2536 305 2594 inter
328 2535 509 2596 Zenodotum
533 2544 562 2596 et
585 2536 814 2615 Aristophanem
837 2533 1065 2617 Byzantium.¹⁰)
1120 2555 1126 2568 ’

298 2789 338 2850 10)
358 2785 430 2840 Mira
448 2787 491 2840 est
509 2786 611 2842 Rhiani
624 2785 658 2840 de
683 2787 776 2841 aetate
796 2787 825 2842 et
842 2789 911 2842 artis
924 2787 1038 2842 criticae
1059 2788 1161 2842 natura
1172 2787 1245 2840 inter
1267 2786 1393 2842 homines

227 2869 323 2924 doctos
346 2869 489 2925 dissensio.
524 2871 597 2925 Nam
614 2869 719 2926 Theod.
740 2872 933 2927 Beccardus
952 2872 987 2926 de
1006 2871 1116 2928 scholiis
1133 2871 1162 2924 iu
1174 2871 1254 2924 Hom.
1273 2871 1392 2926 iliadem

226 2954 343 3008 Venetis
355 2955 446 3009 Berol.
461 2960 527 3011 1850
535 2973 583 3025 pp.
595 2961 637 3010 47.
653 2961 686 3010 48
698 2956 837 3010 Rhianum
856 2957 890 3010 iis
908 2957 1087 3023 adnumerat,
1107 2957 1155 3023 qui
1171 2955 1249 3009 nulla
1261 2955 1318 3010 iam
1330 2957 1392 3011 arte

226 3039 411 3108 grammatica
437 3039 564 3094 adhibita
586 3039 797 3095 Homericorum
824 3042 977 3096 carminum
1004 3043 1209 3108 tractarenon
1233 3041 1393 3107 διορθώεειε

226 3123 353 3178 fecerint.
391 3123 478 3188 Quem
505 3123 534 3177 in
562 3139 685 3180 errorem
712 3141 745 3178 eo
768 3124 898 3179 inductus
926 3142 984 3180 esse
1008 3125 1131 3191 videtur,
1158 3125 1234 3194 quod
1251 3125 1392 3178 Rhianum

227 3209 306 3262 ante
325 3209 504 3262 Zenodotum·
517 3209 609 3264 studia
627 3227 676 3263 sua
693 3209 815 3263 Homero
835 3209 940 3264 dicasse
959 3209 1098 3278 opinatur.
1123 3209 1198 3262 Dicit
1215 3210 1301 3262 enim:
1326 3209 1392 3264 ‘No-

226 3291 363 3346 tissimum
382 3295 438 3359 est,
463 3292 492 3344 in
515 3293 626 3348 scholiis
643 3293 746 3347 nostris
763 3292 814 3346 has
837 3292 931 3346 Iliadis
953 3292 1092 3346 nominari
1115 3291 1264 3349 editiones:
1294 3293 1391 3348 Massi-

139 3371 143 3374 ’
226 3377 356 3444 liensem‚
376 3376 487 3444 Chiam,
505 3377 678 3447 Argolicam,
691 3377 886 3446 Sinopensem,
900 3375 1043 3444 Cypriam,
1062 3376 1212 3444 Creticam,
1225 3376 1393 3445 Antimachi,

227 3461 367 3528 Philotae,
389 3462 527 3528 Rhium,
551 3463 734 3529 Philemonis,
758 3461 877 3530 denique
896 3459 1046 3528 Sosigenis.
1081 3460 1161 3514 Tum
1183 3479 1263 3517 vero
1286 3463 1393 3518 exstit't

227 3547 397 3614 Zenodotus,
417 3547 464 3615 qui
482 3547 605 3601 omnium
622 3546 728 3616 primus
747 3564 809 3600 cum
827 3543 945 3600 audacia
963 3546 1047 3613 atque
1069 3545 1172 3600 iudicio
1192 3547 1228 3601 ad
1246 3563 1393 3602 recensen-

228 3632 293 3685 dam
305 3631 423 3686 iliadem
442 3649 590 3702 aggressus
609 3633 670 3686 est’.
706 3631 784 3686 idem
802 3630 905 3684 sentire
923 3629 1033 3684 videtur
1051 3629 1249 3701 Bernhardy
1270 3632 1317 3686 Gr.
1336 3633 1393 3686 litt.

114 3720 119 3729 ’
227 3717 291 3770 hist.
311 3717 338 3770 H
355 3735 382 3786 p.
404 3724 461 3772 152.
496 3717 639 3784 Aquibus
666 3717 802 3784 quantum
829 3715 915 3769 distat
941 3715 1013 3768 Max.
1041 3714 1076 3768 de
1098 3715 1262 3784 Kurajan,
1289 3717 1338 3784 qui
1363 3717 1393 3770 in

229 3802 475 3856 commentatione:
513 3801 622 3856 ‘Ueber
648 3800 692 3854 die
715 3800 933 3855 Handsehriften
960 3799 1009 3852 der
1037 3797 1165 3854 Scholion
1192 3819 1240 3854 zur
1267 3801 1392 3869 Odyssea

227 3885 311 3940 Wien
330 3892 406 3940 1857’
434 3909 459 3956 p.
474 3895 502 3954 i,
521 3885 569 3940 ubi
586 3887 744 3955 temporum
763 3885 859 3940 ordine
877 3883 1025 3939 observato
1043 3887 1241 3952 grammaticos
1259 3885 1293 3940 de
1307 3883 1393 3953 Odys—

229 3987 277 4026 sea
298 3971 412 4026 meritos
436 3971 595 4036 enumerat,
621 3970 700 4024 dicit:
732 3970 887 4024 ‘Zuu‘atchst
909 3970 957 4024 des
979 3968 1179 4037 Aristophanes
1201 3987 1256 4024 von
1274 3970 1393 4038 Byzanz,

227 4055 352 4111 Rhiauos
368 4056 426 4110 und
443 4055 586 4110 Aristareh
608 4056 751 4110 tuodcerc’.
776 4053 869 4109 Etiam
887 4055 923 4109 ab
940 4055 1011 4122 Aug.
1032 4053 1158 4110 Nauclrio
1176 4055 1393 4124 Aristophanem

228 4143 294 4196 ante
312 4141 452 4196 Rhianum
469 4140 536 4210 poni
555 4142 653 4210 postea
671 4139 834 4194 videbimus.
1324 4176 1327 4182 -
