3124 4682
656 362 660 370 ,
694 311 735 378 43

640 404 792 412 ——-—-—·—--—-

129 500 347 579 ἔμπληντο.
371 502 404 562 Α.
443 501 485 562 ue
514 503 600 564 buius
629 505 846 566 emendationis
873 508 1055 585 praestantia
1083 506 1230 567 dissensio
1253 512 1298 568 est

129 607 213 664 inter
241 604 379 664 homiues
406 604 523 674 doctos;
552 605 637 666 luam.
667 605 823 668 uenter-us
851 609 987 687 quidem,
1023 608 1219 687 peritissimus
1247 607 1297 668 ille

129 705 361 766 Homericorum
384 708 550 767 carminum
573 709 773 779 existimator,
797 709 922 788 probato
943 707 1051 769 llbiani
1075 710 1185 770 iudicio
1200 706 1298 772 πύλαι

130 805 168 868 δ’
196 805 360 884 ἔμπληντο
389 808 517 887 recepit,
547 809 599 869 sed
627 827 724 890 neque
753 813 847 870 ceteri
876 811 1008 871 editores
1036 813 1102 871 eius
1129 812 1298 892 exemplum

131 911 227 970 secuti
251 916 321 969 sunt
343 916 373 968 et
388 909 571 970 Duerrtzerus
594 913 624 971 iu
648 912 693 972 ed.
712 911 747 972 ad
771 911 800 971 b.
817 912 835 971 l.
846 894 1018 973 adnotavit:
1043 913 1133 972 ‘Stati
1155 913 1207 973 des
1231 913 1297 974 deur

73 1049 78 1056 -
130 1007 208 1074 ἄετυ
232 1029 416 1091 synonymen
439 1009 533 1074 πόλιε
555 1012 638 1073 lasen
661 1013 777 1072 tndem
800 1013 853 1074 das
876 1013 924 1074 bei
941 1011 1086 1077 ἀλέντων
1109 1014 1297 1093 uupassende

129 1091 254 1175 πύλαι.’
287 1113 349 1190 Ego
372 1131 439 1174 cum
463 1113 600 1174 Bekkero
623 1114 709 1174 facio.
745 1114 819 1174 Nam
850 1122 882 1174 ut
909 1115 1100 1176 alluentzeri
1123 1123 1297 1193 argumento

130 1215 289 1284 exordiar,
320 1231 374 1274 cur
402 1210 546 1278 ἀλέντων
574 1233 641 1275 curn
669 1213 766 1277 πύλαι
800 1227 868 1296 apte
897 1218 1038 1294 coniungi
1066 1225 1208 1296 nequeat,
1230 1219 1297 1277 'non

128 1316 281 1393 intellego.
327 1315 403 1385 Quid
427 1317 505 1395 quod
521 1323 636 1378 tantum
660 1316 757 1387 abest,
782 1326 815 1378 ut
837 1319 910 1378 milri
934 1338 992 1378 nou
1015 1319 1175 1378 convenire
1200 1319 1298 1379 videa·

129 1425 194 1484 tur,
225 1425 260 1478 ut
288 1417 318 1478 id
349 1417 405 1478 hoc
434 1421 631 1480 cummaxime
659 1419 724 1479 loco
752 1421 939 1498 aptissimum
969 1439 1034 1480 esse
1058 1420 1172 1482 dicam?
1200 1421 1298 1481 Verbo

129 1517 247 1595 ἀλῆναι
264 1521 351 1578 ‘euim
374 1519 571 1581 Troianorum
594 1521 773 1598 fugientium
796 1520 883 1582 turba
906 1523 937 1581 in
961 1518 1113 1599 aragustias
1127 1541 1298 1602 compressa

129 1629 159 1680 et
182 1623 269 1700 quasi
297 1621 430 1683 conferta
459 1621 656 1697 describitur,
687 1641 774 1702 quam
804 1624 1053 1700 significationem
1080 1625 1128 1684 vix
1157 1643 1231 1703 opus
1254 1632 1299 1684 est

128 1722 337 1799 exemplorum
365 1725 451 1802 copia
478 1725 574 1794 tueri,
604 1733 636 1784 ut
663 1723 684 1786 Ε
714 1720 777 1785 823
811 1721 930 1788 tillon<
958 1723 1120 1802 Ἀργείου(
1149 1723 1297 1788 ἐκέλευεα

129 1822 287 1901 ἀλήμεναι
321 1821 436 1886 ἐνθάδε
468 1823 606 1906 πάνταε,
644 1823 666 1887 (
695 1822 734 1886 76
772 1823 894 1889 πάντα(
931 1825 983 1888 ἐπὶ
1016 1824 1191 1908 πρύμνῃιιν
1221 1825 1296 1904 ἀλή·

127 1943 222 2001 μεναι
250 1923 320 1988 uine
347 1924 499 2008 Ἀχαιῶν,
532 1925 606 1988 ibid.
629 1923 691 1988 447
723 1925 870 2004 Ἀχαιοῦ(
898 1924 1006 2004 Τρῶες
1039 1925 1090 1990 ἐπὶ
1122 1925 1298 2008 πρύμνῃιιν

128 2025 273 2108 ἐείλεον,
297 2024 374 2089 οὐδὲ
396 2025 512 2104 θύραζε
534 2025 611 2091 εἴων
634 2026 758 2109 ἐξιέναι,
781 2028 822 2089 ib.
846 2025 908 2089 286
936 2028 973 2090 ὃ(
996 2027 1100 2092 κέλεαι
1121 2029 1201 2091 κατὰ
1222 2025 1298 2090 dero

128 2126 287 2206 ἀλήμεναι
310 2127 397 2192 uriam
420 2127 528 2192 ἰόντα(
550 2139 579 2190 et
593 2127 655 2191 287
678 2129 698 2207 ἦ
722 2128 815 2192 οὔπω
838 2128 1007 2206 κεκόρηεθε
1023 2127 1167 2208 ἐελμένοι
1190 2127 1298 2192 ἔνδοθι
1372 2170 1376 2178 -

127 2227 283 2306 πύργωνς
318 2227 430 2292 Φ296
462 2229 537 2308 πρὶν
559 2231 639 2294 κατὰ
671 2230 781 2310 Ἰλιόφι
813 2231 912 2294 κλυτὰ
944 2229 1049 2309 τείχεα
1081 2230 1161 2294 λαὸν
1195 2229 1298 2294 ἐέλεαι

129 2328 292 2412 Τρωϊκόν,
315 2328 351 2392 ὅτ
374 2351 409 2396 κε
431 2331 584 2414 φύγῃιιν,
608 2331 634 2394 Ω
656 2329 719 2394 662
743 2329 834 2396 ottilo
855 2330 933 2413 γάρ,
962 2330 1008 2395 u‘tc
1030 2331 1109 2395 κατὰ
1131 2331 1207 2396 ἀετυ
1229 2330 1297 2395 ἐέλ-

18 2439 20 2444 ’
126 2437 224 2511 μεθα,
259 2429 330 2494 Φ8
360 2431 482 2511 ἡμίιεεε
517 2433 552 2496 δὲ
587 2432 620 2496 ἐι
648 2434 795 2513 ποταμὸν
823 2432 984 2515 εἰλεῦντο,
1018 2453 1038 2510 μ
1066 2430 1130 2496 210
1160 2432 1297 2511 Κύκλωψ

128 2533 231 2614 (ἡμᾶε)
266 2531 343 2597 εἴλει
371 2533 418 2598 ἐνὶ
446 2537 519 2611 επῆι
547 2537 721 2618 γλαφυρῷ,
755 2536 863 2616 quibus
893 2536 950 2596 alia
979 2536 1070 2597 multa
1099 2535 1179 2596 facili
1208 2553 1299 2616 opera

126 2639 198 2699 addi
223 2645 357 2714 possunt.
403 2637 463 2698 lam
486 2655 553 2698 cum
577 2639 713 2699 homines
735 2641 766 2698 in
789 2639 918 2718 aliquem
940 2637 1038 2698 locum
1061 2635 1207 2718 (ἐνθάδε),
1231 2657 1298 2698 cum

128 2740 210 2820 apud
239 2741 360 2800 navium
387 2758 517 2818 puppes,
553 2759 620 2801 curn
649 2741 685 2800 ad
714 2760 830 2810 muros,
865 2759 932 2800 cum
961 2742 991 2799 iu
1025 2745 1110 2800 antro
1140 2741 1298 2818 comprimi

127 2850 213 2902 recte
229 2842 396 2911 dicantur,
426 2861 480 2902 cur
502 2859 561 2901 non
585 2844 673 2902 etiarn
697 2839 732 2904 ἐν
754 2840 870 2904 πύλαι(
897 2836 1050 2918 ἀλήμεναι
1074 2841 1133 2901 dici
1156 2843 1299 2921 possunt?

126 2945 224 3005 Immo
247 2961 318 3003 vero
340 2961 407 3003 curn
431 2942 525 3004 Troes
548 2943 638 3004 effusa
661 2945 730 3021 fuga
760 2943 864 3003 urbem
893 2949 1046 3022 peterent,
1076 2950 1157 3002 tanto
1180 2951 1298 3002 terrore

127 3047 278 3126 perculsi,
307 3050 339 3104 ut
366 3051 450 3104 extra
478 3063 580 3106 muros
614 3064 673 3106 non
701 3045 846 3105 auderent
874 3046 1106 3123 circumspicere
1135 3062 1190 3103 nec
1219 3051 1298 3104 tutos

128 3167 160 3208 se
185 3166 250 3208 esse
274 3148 470 3226 opinarentur
492 3149 667 3226 priusquam
689 3147 795 3208 urbem
811 3141 1045 3224 introissent³²t,
1069 3151 1223 3224 portarum
1246 3164 1298 3205 an·

127 3251 244 3327 gustias
267 3249 399 3308 conferta
422 3249 600 3326 fugientium
624 3248 711 3309 turba
727 3249 856 3328 repletas
878 3248 970 3307 fuisse
987 3252 1217 3306 consentaneum
1242 3253 1297 3308 est.

128 3351 222 3430 Cuius
255 3349 409 3410 bominum
442 3367 621 3418 concursus,
655 3368 743 3428 quern
778 3347 980 3429 praeviderat,
1016 3355 1048 3408 ut
1081 3347 1298 3409 vehementiam

127 3453 327 3528 infringeret,
351 3450 487 3511 Priamus
510 3459 610 3530 portas
633 3458 749 3530 apertas
773 3453 886 3525 teneri,
909 3450 1003 3510 donec
1019 3451 1122 3528 copiae
1145 3451 1177 3510 in
1193 3449 1299 3510 urbem

127 3556 308 3622 intrassent,
337 3555 467 3613 iusserat
490 3547 611 3628 (v..531
636 3551 703 3631 sq).
748 3553 820 3613 Cum
849 3559 949 3612 autem
978 3559 1083 3630 poetae
1106 3553 1217 3620 virtus,
1247 3551 1298 3611 ubi

128 3673 180 3714 res
209 3652 370 3722 describit,
403 3655 434 3713 in
464 3654 521 3714 boc
551 3660 706 3722 cernatur,
740 3661 773 3713 ut
801 3671 834 3713 ea
863 3653 1051 3732 potissimum
1085 3653 1189 3730 eligat,
1224 3671 1298 3731 qnae

199 3836 244 3902 32)
262 3835 388 3889 Dilucide
415 3835 500 3904 poeta
526 3835 597 3888 hano
623 3834 842 3904 trepidationem
868 3835 1021 3904 fugamque
1048 3831 1180 3889 describit
1206 3833 1299 3893 verbis

18 3949 22 3964 =
128 3918 315 3990 gravissimis:

200 4026 250 4076 608
285 4023 349 4076 οὐδ’
368 4023 421 4089 ἄρα
439 4022 525 4086 τοίγ’
543 4023 628 4076 ἔτλαν
646 4023 744 4076 πόλιος
763 4023 809 4074 καὶ
826 4021 935 4086 τείχεα(
953 4023 1035 4076 ἐκτὸς

284 4113 374 4172 μεῑναι
393 4107 438 4160 ἔτ’
455 4107 595 4173 ἀλλήλους
614 4108 659 4160 καὶ
677 4107 833 4173 γνώμεναι,
857 4107 888 4161 ὅ(
907 4123 938 4160 κε
957 4107 1097 4171 πεφεύγοι

283 4193 314 4245 ὅ(
332 4193 364 4243 τ’
382 4188 464 4244 ἔθαν’
482 4191 513 4244 ἐν
532 4191 663 4260 πολέμω’
688 4192 754 4245 ἀλλ’
772 4191 965 4258 ἐειυμένωε
983 4190 1146 4255 ἐπέχυντο

282 4277 315 4330 ἐι
334 4276 449 4343 πόλιν,
469 4275 589 4330 ὅντινα
607 4280 676 4330 τῶν
698 4293 734 4341 γε
754 4277 858 4330 πόδε(
877 4276 933 4329 καί
950 4278 1059 4339 rodun
1077 4274 1217 4330 (ἀωταν.
