3124 4682
416 245 421 275 l

628 289 780 385 A

117 478 286 538 derivatum
311 483 357 535 est
385 495 420 536 ex
444 479 563 536 nomine
592 473 729 557 ἄμαθος,
758 485 790 536 ut
817 476 895 536 idem
925 477 1071 554 dgnificet
1098 487 1187 558 atque
1209 477 1287 557 ἠμα-

117 575 205 639 θόεις
228 586 257 638 et
280 586 366 654 poeta
390 581 419 637 in
443 578 490 638 his
513 579 651 655 epithetis
674 579 848 648 variaverit,
871 586 961 657 prout
975 579 1092 639 serebat
1107 583 1195 641 metri
1218 599 1287 641 con-

118 679 207 738 dicio.
253 679 392 739 Ceterum
426 689 658 740 consentaneum
696 687 741 739 est
774 679 921 742 Rhianum
957 698 1016 740 non
1044 681 1138 742 solum
1172 684 1202 742 iu
1230 683 1287 742 hoc

117 797 223 849 versu,
248 780 326 840 unde
351 783 450 841 exorsi
472 799 590 852 sumus,
614 783 632 842 δ
656 777 733 851 702,
763 781 815 841 sed
844 783 875 840 in
909 781 1063 852 omnibus,
1099 800 1174 860 quos
1197 802 1287 862 supra

118 883 368 960 significavimus,
411 880 543 960 ἠμαθίης
582 883 625 942 vel
655 879 789 958 liudoino
830 882 1036 953 substituisse,
1072 883 1101 942 id
1136 886 1214 964 quod
1247 886 1286 946 La

118 985 252 1044 Roelrius
273 986 304 1044 in
327 983 515 1044 adnotatione
539 985 641 1044 critica
664 983 802 1044 editionis
824 982 973 1062 Odysseae
994 992 1076 1044 recte
1100 987 1251 1048 indicavit.

205 1088 224 1147 δ
247 1081 320 1146 788.
365 1085 407 1144 De
429 1085 578 1162 Penelopa
601 1087 682 1145 curis
705 1093 735 1145 et
756 1087 864 1146 timore
893 1094 995 1146 vexata
1018 1096 1180 1148 narrantur
1202 1079 1338 1149 haec:2ll

248 1219 330 1282 κεῖτ’
352 1217 409 1296 ἄρ’
431 1217 584 1294 ἄτιτος,
606 1217 747 1283 ἄπαςτος
769 1218 901 1297 ἐδητύος
923 1218 980 1296 ἠδὲ
1002 1223 1154 1298 ποτῆτος.

119 1373 220 1432 Schol.
250 1370 350 1434 κεῖτ’
383 1369 444 1448 ἄρ’
477 1369 627 1435 ἄςιτος·
661 1370 787 1436 Ῥιανὸς
814 1371 894 1434 κεῖτ’
923 1370 979 1450 ἄρ’
1011 1371 1202 1456 ἄναυδος,
1236 1375 1287 1438 καὶ
1388 1364 1392 1371 ’

118 1473 203 1536 ἔςτιν
227 1470 306 1550 αὕτη
330 1472 515 1550 χαριεςτέρα
537 1472 556 1550 ἡ
579 1473 698 1552 γραφή.
721 1473 794 1533 ΗΡ.
839 1474 995 1536 Manifesta
1024 1483 1069 1535 est
1096 1495 1199 1548 eausa,
1229 1497 1286 1558 qua

118 1575 229 1634 ductus
251 1573 385 1635 lllrianus
408 1593 424 1634 a
446 1575 592 1636 tralaticia
616 1575 706 1635 huius
727 1593 830 1636 versus
858 1577 1004 1652 scriptura
1028 1581 1203 1640 recesserit:
1233 1580 1286 1640 tol·

118 1677 182 1736 lere
207 1676 285 1735 enim
309 1675 402 1736 voluit
429 1676 636 1754 tautologiam,
671 1695 747 1756 quae
776 1677 927 1738 molestior
958 1681 986 1738 ei
1014 1681 1076 1739 visa
1105 1687 1164 1749 est,
1199 1699 1287 1760 quam

117 1795 196 1856 quae
220 1777 341 1838 tolerari
363 1786 470 1854 posset.
517 1777 614 1839 Ceteri
643 1778 774 1838 editores
796 1797 883 1838 secus
905 1778 1163 1850 existimaverunt,
1194 1789 1224 1841 et
1252 1781 1286 1842 ad

118 1878 339 1938 defendendam
361 1878 520 1939 lectionem
543 1879 693 1956 vulgarem
720 1881 779 1938 iam
809 1879 978 1940 Eustathius
1006 1882 1131 1957 protulit
1158 1884 1287 1961 explica-

119 1983 235 2040 tionem
265 1998 345 2049 eam,
375 1979 410 2040 ad
440 2000 528 2060 quam
552 1980 777 2058 excogitandam
807 1980 886 2041 haurd
916 1983 958 2041 ita
986 1999 1092 2059 magno
1121 2001 1195 2061 opus
1225 1995 1288 2044 erat

118 2083 275 2142 acumine:
310 2079 349 2142 τὸ
381 2079 522 2144 ἄπαςτος
555 2079 689 2158 ἐδητύος
718 2079 776 2158 ἠδὲ
803 2083 944 2157 ποτῆτος
970 2083 1197 2162 διαςαφητικόν
1225 2084 1288 2163 ἐςτι

116 2185 178 2245 τοῦ
202 2180 326 2255 ἄτιτος,
349 2184 379 2243 id
402 2184 480 2265 quod
498 2183 669 2245 Nitzschius
682 2183 821 2263 probavit
836 2191 865 2244 et
881 2186 1029 2244 Ameisius
1051 2187 1082 2244 in
1099 2205 1183 2246 suum
1201 2207 1286 2249 usum

118 2287 280 2344 convertit.
325 2283 408 2354 Quod
432 2304 503 2346 num
526 2305 558 2346 re
582 2304 651 2346 vera
674 2285 813 2346 idoneum
838 2287 891 2354 sit,
915 2304 974 2364 quo
996 2287 1155 2364 tautologia
1176 2288 1226 2348 illa
1251 2289 1288 2350 alr

117 2389 205 2447 omni
227 2385 414 2447 dubitatione
437 2387 622 2457 vindicetur,
653 2387 791 2464 equidem
821 2387 987 2447 diiudicare
1011 2387 1092 2456 nolo,
1122 2389 1173 2448 sed
1197 2408 1289 2468 penes

117 2507 173 2549 eos
201 2488 348 2548 iudicium
377 2490 430 2558 sit,
465 2491 516 2568 qui
539 2489 716 2548 Homericae
739 2487 916 2549 elocutionis
939 2508 986 2549 me
1014 2491 1176 2569 peritiores
1204 2500 1287 2560 sunt;

117 2609 219 2670 neque
242 2607 313 2649 vero
335 2597 448 2650 tantum
471 2589 589 2670 llidymi
612 2592 782 2651 auctoritati
803 2589 920 2658 tribuo,
945 2597 978 2650 ut
999 2591 1029 2651 in
1052 2593 1117 2654 eius
1139 2611 1289 2661 commen-

117 2695 243 2772 datione
266 2726 308 2736 -
330 2689 534 2768 χαριεςτέραν
562 2694 642 2752 enim
671 2692 744 2752 dicit
771 2692 930 2752 lectionem
953 2691 1117 2752 Rhianeam
1141 2728 1180 2736 —
1202 2714 1289 2774 pror-

117 2814 173 2857 sus
198 2793 446 2872 acquiescendum
474 2811 538 2853 esse
567 2793 712 2862 arbitrer:
741 2800 770 2852 at
796 2793 852 2853 hoc
880 2799 961 2852 certe
990 2795 1186 2856 animadverti
1213 2797 1289 2866 volo,

117 2901 188 2960 sine
213 2895 304 2956 dubio
328 2913 385 2954 non
409 2913 479 2954 casu
501 2895 611 2954 factum
639 2901 689 2954 aut
717 2894 871 2954 lortuitum
899 2912 979 2962 esse,
1007 2895 1087 2973 quod
1114 2895 1289 2958 vocabulum

117 2998 231 3062 ἄτιτος
254 2996 443 3076 repudiatum
466 2996 536 3056 illud
561 2996 680 3076 quidem
704 3016 721 3066 a
743 2995 868 3064 Rhiano,
892 3013 1069 3073 quamquam
1093 2997 1171 3075 apud
1195 3001 1289 3078 scrip-

118 3111 205 3162 tores
231 3093 369 3178 posteros
402 3100 520 3178 saepius
554 3097 678 3176 legitur,
713 3097 791 3177 apud
819 3097 982 3156 Homerum
1010 3091 1093 3162 ἅπαξ
1122 3095 1289 3177 εἰρημένον

117 3211 178 3263 est.
219 3201 343 3262 Accedit
372 3219 456 3268 vero,
490 3200 568 3280 quod
602 3197 743 3262 ἄναυδος
776 3198 865 3259 huius
897 3196 954 3256 loci
984 3197 1153 3259 condicioni
1182 3203 1289 3262 mirum

117 3311 268 3384 quantum
298 3303 447 3360 convenit.
490 3301 608 3361 Etenim
630 3301 778 3380 Penelopa
807 3299 907 3359 audito
936 3317 1043 3378 procos
1072 3319 1177 3360 navem
1204 3289 1293 3363 ador·-¹

118 3423 211 3467 nasse
236 3411 265 3463 et
280 3410 367 3464 nocte
384 3403 534 3482 proticisci
556 3402 645 3472 velle,
671 3411 703 3462 ut
718 3399 929 3462 Telemachum
945 3401 1085 3460 reducem
1101 3421 1156 3480 per
1171 3414 1290 3465 noctur·
1367 3453 1372 3462 .

117 3527 177 3568 nas
201 3505 326 3565 insidias
341 3506 545 3582 opprimerent
567 3511 597 3562 et
618 3505 838 3571 interficerent,
862 3505 1008 3562 anxietate
1024 3521 1138 3562 summa
1161 3506 1291 3566 cruciata

118 3617 169 3670 est
195 3615 224 3676 ct
246 3607 373 3666 sollicita
395 3607 452 3666 luit
474 3624 530 3665 nec
553 3607 690 3664 timorem
718 3607 816 3684 potuit
843 3603 978 3674 abicere,
1008 3623 1045 3664 ne
1067 3605 1147 3665 lilius
1168 3609 1199 3666 in
1222 3626 1290 3685 pro·

118 3727 229 3772 corum
262 3726 368 3768 manus
400 3707 561 3777 incideret;
601 3709 724 3766 remotis
758 3704 872 3766 ancillis
905 3707 997 3766 iacuit
1029 3708 1060 3766 in
1094 3707 1202 3766 lectulo
1235 3727 1291 3770 nec

119 3979 156 4032 ὃς
176 3981 231 4029 νύν
250 3977 369 4042 Μύμαος
387 3977 433 4029 καῖ
452 3975 632 4042 Ἀρκαδιακδς
655 3977 793 4040 καλεῖται,
819 3975 890 4028 ὥςτ’
912 3974 1045 4028 ἐντεῦθεν
1067 3975 1229 4040 ἠμαθόεντα
1247 3991 1290 4028 κε-
1383 4041 1387 4048 ¹

119 4064 254 4128 κλῆςθαι·
274 4061 332 4114 εἴτε
349 4062 454 4113 τούτου
472 4060 523 4124 μὲν
534 4060 662 4125 Παμῖςου
674 4059 849 4124 καλουμένου
862 4059 1022 4125 ὁμωνύμως
1039 4063 1100 4112 τοῖς
1117 4057 1149 4110 ἐν
1166 4064 1202 4126 τῇ
1221 4059 1291 4112 Μες-

120 4143 210 4214 ςηνίᾳ
233 4145 304 4210 duct,
327 4149 380 4211 τῆς
403 4145 434 4198 δὲ
456 4145 570 4198 πόλεως
593 4144 700 4210 ἄδηλον
718 4144 834 4210 ἐχούςης
851 4145 905 4209 τὴν
924 4141 1110 4207 ἐτυμολογῖαν
1127 4145 1179 4193 τού
1199 4142 1291 4196 ἐπιθέ-

119 4243 193 4284 του·
211 4230 256 4281 καῖ
273 4229 326 4295 γὰρ
344 4231 379 4281 τὸ
397 4229 532 4296 ἀμαθώδη
545 4230 598 4281 τὸν
616 4230 747 4293 ποταμὸν
770 4229 787 4294 ἢ
805 4229 860 4294 τὴν
878 4228 974 4293 χώραν
987 4225 1060 4278 εῖναι
1078 4225 1181 4291 pecode
1199 4242 1291 4292 φαςιν.
1323 4231 1328 4242 “

1125 4314 1141 4365 5

546 4380 557 4425 t
