3112 4684
774 289 925 386 „82-

266 481 457 542 iudicareris.
502 483 543 541 Ac
565 482 694 558 primum
717 479 839 557 quidem
860 479 940 558 quod
963 482 995 538 in
1017 482 1170 556 principio
1193 499 1297 540 versus
1317 481 1357 556 δή
1382 500 1447 561 pro

265 583 316 646 καί
338 582 509 650 substituit,
532 582 695 641 lutacium
718 589 763 640 est
786 598 845 639 non
872 587 932 640 tam
955 589 989 640 nt
1016 579 1155 658 apodosis
1183 585 1281 659 magis
1307 585 1446 660 insigni·

266 693 365 752 retur,
388 703 476 764 quam
499 691 533 743 ut
555 683 614 742 duo
636 684 790 742 enuntiata
814 681 949 741 eiusdem
964 691 1133 742 structurae
1155 701 1190 742 ac
1212 685 1327 743 lormae
1343 687 1446 744 etiam

266 785 427 846 verborum
457 788 558 862 specie
586 785 813 845 accuratissime
847 782 907 842 sibi
940 769 1173 863 responderent,
1205 801 1276 844 nam
1306 803 1374 845 curn
1406 788 1445 845 in
1551 789 1552 846 l

266 890 368 966 priore
391 890 546 948 enuntiato
567 883 648 964 ἧμοε
676 883 853 962 particulam
876 887 907 944 in
929 889 1042 962 protasi
1070 888 1197 964 positam
1224 885 1263 960 δὴ
1285 884 1358 948 τότε
1383 905 1446 946 ex-

266 991 419 1066 ciperent,
443 989 562 1050 easdem
586 987 679 1048 voluit
701 986 862 1063 particulas
884 989 916 1046 in
938 987 1032 1046 altero
1054 989 1135 1065 poni.
1173 987 1339 1048 Obscurius
1361 1007 1444 1048 vero

266 1099 313 1151 est
334 1099 365 1150 et
386 1092 486 1151 minus
507 1089 592 1150 facile
616 1089 652 1149 ad
676 1088 890 1166 indagandum,
919 1107 974 1148 cur
989 1088 1089 1148 dativo
1116 1089 1212 1151 πᾶειν
1241 1092 1353 1150 reiecto
1376 1090 1444 1166 μῦ-

266 1195 326 1255 θον
354 1195 520 1270 scripserit.
565 1190 639 1251 Nam
669 1190 726 1250 boc
761 1191 882 1269 quidem
910 1189 1044 1250 llbianus
1072 1192 1203 1268 cogitare
1236 1209 1296 1250 non
1323 1193 1441 1269 potuit,
1552 1213 1553 1222 ι

268 1294 379 1354 Vlixem
409 1295 519 1357 iniuria
547 1293 607 1352 dici
636 1299 760 1352 cunctos
788 1294 887 1352 socios
915 1291 1050 1370 adloqui,
1080 1294 1221 1370 quoniam
1248 1311 1259 1353 ι
1283 1288 1343 1352 168
1364 1312 1442 1371 sqq.

266 1397 454 1472 septuaginta
477 1395 535 1455 duo
551 1396 714 1474 periissent
735 1393 851 1470 proelio
873 1411 941 1452 cum
957 1392 1118 1455 Ciconibus
1140 1397 1312 1464 commisso,
1334 1411 1353 1454 κ
1372 1390 1444 1454 188

265 1503 365 1556 autem
395 1515 411 1555 e
438 1495 672 1574 Laestrygonum
695 1505 784 1572 portu
806 1513 865 1555 una
882 1497 978 1572 ipsius
999 1496 1082 1554 naris
1097 1495 1255 1556 incolumis
1277 1497 1443 1565 erasisset,

264 1599 375 1658 ceteris
398 1595 526 1657 navibus
547 1597 650 1656 lractis
672 1598 822 1675 sociisque
845 1596 986 1656 omnibus
1014 1597 1197 1665 interlectis;
1226 1614 1313 1673 quam
1336 1596 1444 1656 imbe·
1553 1587 1554 1676 l

263 1700 325 1760 cilli
349 1701 431 1758 eninr
453 1707 532 1758 esset
566 1698 671 1758 iudicii
705 1699 846 1774 ignorare
880 1715 932 1757 eos
960 1698 1093 1775 intellegi
1122 1699 1234 1767 socioS,
1265 1716 1340 1777 quos
1368 1706 1444 1760 tum

264 1802 461 1861 cummaxime
489 1799 628 1868 haberet,
659 1817 719 1858 non
753 1819 828 1878 quos
857 1819 988 1879 unquam
1016 1799 1183 1860 habuisset.
1228 1799 1331 1878 Neque
1359 1819 1443 1860 vero

265 1901 352 1972 illud,
377 1909 465 1978 puto,
490 1904 521 1960 in
543 1919 632 1960 causa
655 1901 727 1970 luit,
751 1901 829 1980 quod
852 1920 920 1962 cum
942 1901 1033 1961 verba
1057 1899 1180 1978 ἀγορὴν
1202 1898 1336 1978 θέμενοε
1357 1905 1445 1964 satis
1554 1975 1555 1988 χ

262 2007 422 2083 perspicue
462 2004 667 2082 exprimerent
705 2009 828 2062 cunctos
869 2006 1002 2063 contioni
1043 2005 1210 2072 interesse,
1247 2002 1342 2065 πᾶειν
1375 2021 1443 2080 per
1554 2001 1555 2036 l

262 2106 468 2184 pleonasmum
492 2104 626 2164 additum
649 2121 714 2163 esse
738 2103 902 2164 arbitratus
925 2111 985 2164 est:
1013 2104 1087 2164 baec
1116 2106 1196 2164 enim
1225 2107 1330 2181 epieae
1360 2123 1441 2166 ora·
1479 2149 1483 2156 -

262 2210 355 2267 tionis
377 2206 513 2274 uberlaS,
538 2208 564 2265 si
586 2212 722 2284 quaest,
745 2207 795 2264 oui
811 2205 970 2266 ollensioni
985 2223 1050 2265 esse
1066 2207 1183 2283 potest?
1206 2205 1317 2265 Verum
1333 2209 1440 2266 enim-

263 2328 333 2370 vero
355 2327 441 2370 usum
466 2306 625 2368 verborum
659 2307 810 2382 μετεῑπον
842 2305 1001 2385 μετὰφημι
1028 2305 1228 2385 μεταφωνέω
1256 2305 1436 2384 μεταυδὰιυ

264 2411 459 2488 perlustranti
481 2411 513 2468 in
536 2407 695 2467 verborum
718 2415 866 2468 structura
890 2408 964 2468 mibi
986 2409 1103 2468 videtur
1125 2407 1260 2468 Rbianus
1281 2408 1437 2472 haesisse.

263 2512 338 2572 Nam
361 2511 530 2588 ubieunque
553 2511 721 2568 contionari
743 2512 811 2588 quis
833 2509 959 2578 dicitur,
983 2509 1056 2570 baec
1070 2509 1161 2570 verba
1184 2512 1350 2589 composita
1366 2509 1439 2571 llo-

265 2630 365 2672 merus
388 2613 473 2689 ponit
494 2618 546 2671 aut
567 2609 716 2680 absolute,
740 2618 772 2670 nt
796 2609 821 2672 Η
844 2607 895 2672 94.
917 2629 937 2687 η
962 2608 1036 2679 155,
1068 2618 1119 2671 aut
1146 2629 1214 2670 cum
1236 2611 1336 2671 dativo
1358 2629 1441 2689 per-

261 2733 352 2776 sonae
375 2715 547 2782 coniuucta,
571 2719 605 2770 ut
626 2711 651 2773 Α
673 2709 724 2773 73.
749 2715 766 2790 β
788 2708 830 2773 95
851 2709 941 2791 ἄφαρ
964 2710 998 2773 δ’
1025 2709 1100 2790 ἡμῖν
1128 2710 1302 2794 μετέειπεν,
1324 2731 1343 2774 τ
1368 2711 1443 2776 140

260 2812 350 2894 ἄφαρ
378 2813 412 2876 δ’
439 2811 550 2876 αὐτοῖς
579 2811 762 2890 μετέειπον,
799 2823 849 2876 aut
877 2817 965 2876 tmesi
993 2813 1122 2875 admissa
1150 2817 1352 2875 accusativum
1383 2822 1441 2880 rei

261 2919 440 2995 interponit,
470 2923 502 2974 ut
525 2913 532 2976 l
555 2911 618 2976 623
640 2915 720 2979 τοῑιι
742 2961 774 2978 ..
797 2914 1042 2995 Τελαμωνιάδῃ(
1072 2913 1150 2993 μετὰ
1177 2917 1278 2993 μῦθον
1307 2914 1441 3002 ἔειπεν,

259 3039 277 3081 κ
298 3016 359 3080 561
383 3019 483 3080 τοῑειν
506 3015 570 3090 ἐγὼ
593 3016 672 3095 μετὰ
686 3019 787 3094 μῦθον
810 3016 933 3081 ἔειπον.
967 3019 1001 3078 ln
1026 3026 1129 3078 nostro
1151 3025 1249 3078 autem
1271 3038 1370 3090 rersu,
1397 3032 1442 3084 ut

260 3120 348 3197 vulgo
370 3120 494 3197 legitur,
519 3137 587 3178 cum
610 3122 721 3180 tmesin
745 3127 812 3198 apte
836 3128 967 3180 statuere
983 3138 1042 3180 non
1064 3119 1154 3180 liceat
1169 3117 1233 3198 (cir.
1251 3119 1439 3200 llruegerus

259 3239 305 3300 gr.
328 3240 373 3300 gr.
403 3221 429 3282 ll
457 3221 481 3301 ὅ
503 3218 560 3292 68,
583 3218 634 3291 50,
657 3218 699 3302 5),
723 3221 850 3300 simplex
872 3219 983 3284 ἔειπον
1013 3229 1189 3300 usurpatum
1212 3230 1257 3282 est
1279 3231 1309 3283 et
1330 3223 1439 3290 πᾶειν

260 3323 370 3402 pendet
392 3342 407 3384 a
430 3321 507 3400 perd
529 3325 768 3401 praepositione,
797 3326 884 3384 cuius
906 3325 1138 3384 constructionis
1160 3322 1239 3400 apud
1260 3323 1438 3390 Homerum

260 3425 428 3504 exemplum
461 3427 529 3484 novi
560 3423 675 3486 nullum
711 3433 832 3503 praeter
864 3445 888 3487 π
915 3421 978 3486 336
1012 3425 1109 3500 κῆρυξ
1147 3422 1205 3501 μέν
1242 3421 1283 3502 ῥα
1319 3423 1439 3510 μέεῃει

260 3525 338 3605 μετὰ
370 3527 508 3606 δμωῇειν
541 3523 648 3587 ἔειπεν
681 3532 711 3584 et
744 3523 847 3588 0433
869 3523 982 3604 Ἀρήτη
1015 3526 1051 3588 δὲ
1087 3524 1166 3604 μετὰ
1199 3529 1337 3609 δμωῇειν
1362 3525 1436 3592 ἔει-

259 3647 329 3691 πεν.
373 3626 520 3688 Similiter
556 3645 624 3687 cum
659 3629 766 3706 ingens
798 3632 838 3689 sit
870 3647 1012 3689 versuum
1049 3647 1207 3697 numerus,
1245 3631 1276 3688 in
1313 3629 1438 3710 quibus

258 3730 316 3794 τὸν
344 3729 379 3792 δὲ
400 3775 431 3790 ..
455 3727 602 3807 προεέφη
634 3729 679 3789 vel
708 3730 817 3790 similia
850 3730 1007 3808 leguntur,
1041 3747 1100 3792 non
1134 3731 1209 3792 solet
1242 3731 1303 3791 dici
1340 3732 1437 3809 πρὸ(

257 3831 316 3896 τὸν
343 3879 372 3893 ..
403 3828 474 3909 ἔφη.
505 3830 588 3891 Hanc
625 3832 719 3908 igitur
752 3831 791 3891 ob
825 3851 943 3893 causam
974 3832 1107 3894 Rhianus
1140 3852 1155 3892 a
1186 3831 1303 3910 vulgata
1326 3837 1436 3912 scrip-

259 3942 325 3994 tura
349 3935 474 3992 recessit
497 3941 526 3992 et
549 3933 651 4010 μῦθον
674 3936 789 4012 posuit,
813 3934 892 4014 quod
915 3935 1054 3995 baustum
1071 3942 1116 3994 est
1131 3953 1167 3994 cx
1182 3933 1319 3996 versibus
1331 3951 1434 4013 supra

257 4037 353 4098 allatis
377 4033 383 4096 l
411 4029 474 4094 623
496 4041 526 4094 et
548 4053 566 4095 κ
587 4029 648 4094 561
673 4035 761 4096 etad
790 4033 1018 4097 similitudinem
1047 4036 1163 4096 accedit
1189 4035 1349 4096 locutionis
1373 4040 1437 4103 καί

257 4157 308 4217 μιν
330 4135 413 4214 πρὸ(
435 4138 535 4211 μῦθον
558 4133 665 4198 ἔειπεν
688 4139 706 4197 δ
729 4133 801 4198 803.
824 4133 906 4201 ζ21.
932 4135 1016 4214 ρ74.
1040 4156 1056 4198 ε
1080 4134 1151 4199 169.
1175 4133 1249 4214 ψ4.
1270 4138 1436 4203 Personae

258 4247 356 4300 autem
384 4237 501 4298 dativus
534 4257 594 4299 non
617 4235 854 4308 desiderabitur,
884 4241 1003 4317 quippe.
1025 4242 1111 4300 cuius
1138 4240 1236 4299 locum
1264 4239 1438 4310 obtineant
