3124 4682
190 1167 365 1250 Homericis
387 1188 416 1248 in
440 1188 547 1248 studiis
575 1189 696 1268 procedi
720 1198 801 1250 recte
824 1208 883 1250 non
912 1209 999 1268 posse
1027 1193 1086 1252 nisi
1109 1195 1273 1270 recognitis

104 1299 137 1351 ct
159 1291 327 1370 perspectis
354 1307 550 1370 quaecunque
582 1293 612 1350 in
637 1291 765 1351 Homero
794 1299 824 1351 et
851 1293 1036 1353 emendando
1064 1299 1095 1353 et
1124 1295 1271 1374 interpre-

105 1393 197 1453 tando
225 1394 284 1452 iam
313 1393 500 1469 grammatici
523 1391 717 1453 Alexandrini
746 1395 968 1471 praestiterint,
992 1393 1026 1454 F.
1050 1395 1083 1454 A.
1113 1392 1273 1455 Woliius

103 1493 316 1554 inmortalibus
348 1494 411 1552 suis
446 1493 482 1552 ad
511 1493 672 1555 Homerum
701 1495 923 1573 prolegomenis
950 1501 1011 1555 tam
1039 1495 1192 1556 evidenter
1220 1497 1270 1560 de·

103 1596 296 1663 monstravit,
327 1602 360 1654 ut
382 1596 461 1654 inter
484 1595 621 1656 homines
643 1595 746 1656 doctos
768 1595 856 1658 hodie
880 1598 927 1656 vix
950 1598 1121 1675 quisquam,
1151 1599 1202 1676 qui
1226 1600 1271 1659 in·

103 1697 194 1758 litiari
217 1695 338 1765 audeat,
361 1696 537 1772 reperiatur.
581 1695 767 1776 Quapropter
795 1700 826 1756 in
849 1697 1116 1758 Alexandrinorum
1139 1699 1272 1762 doctrina

104 1798 238 1859 eruenda
261 1804 292 1857 et
314 1798 482 1858 renovanda
504 1799 639 1876 proxima
662 1804 728 1877 post
744 1796 882 1862 Wollium
906 1806 1002 1859 aetate
1018 1816 1152 1875 magnam
1176 1801 1271 1879 philo·

103 1901 164 1974 logi
187 1899 382 1959 ostenderunt
410 1897 611 1969 sedulitatem,
640 1917 708 1959 eum
736 1900 788 1962 alii
816 1902 1077 1976 grammaticorum
1105 1899 1199 1962 libros
1226 1905 1271 1962 in-

2 2007 4 2022 ¹
104 2001 202 2061 editos
231 2019 267 2060 ex
296 1999 544 2060 bibliothecarum
573 1999 679 2060 umbra
708 2001 932 2079 protraherent,
968 2001 1017 2060 alii
1046 2001 1271 2064 scholiastarum

104 2102 314 2163 adnotationes
336 2109 424 2177 atque
446 2100 593 2162 Eustathii
622 2103 808 2179 aliorumque
833 2104 1062 2162 commentarios
1084 2106 1178 2164 novis·
1191 2107 1272 2165 curis

104 2203 261 2263 emendata
284 2203 422 2272 ederent,
453 2204 474 2262 ii
498 2202 641 2282 denique,
670 2205 722 2282 qui
744 2203 866 2264 Homeri
896 2203 1042 2263 editiones
1072 2204 1107 2264 ad
1136 2207 1271 2267 criticam

103 2306 254 2365 rationem
281 2310 434 2366 revocatas
461 2313 617 2382 pararent,
652 2307 784 2382 ingentis
816 2303 897 2371 illius
925 2311 1086 2383 apparatus
1113 2305 1273 2383 diligenter

103 2405 310 2486 pertractandi
339 2423 496 2484 operosum
527 2407 715 2484 susciperent
743 2405 890 2475 laborem,
921 2413 952 2467 ut
980 2406 1049 2467 inde
1079 2406 1115 2466 ad
1142 2410 1271 2485 genuina

104 2516 211 2588 poetae
235 2505 325 2566 verba
349 2507 535 2566 restituenda
558 2524 646 2586 quam
669 2507 832 2586 plurimum
854 2507 1053 2568 lucrarentur.
1099 2508 1156 2568 Sed
1179 2511 1272 2570 multo

103 2611 196 2670 etiam
221 2609 338 2668 maiora
367 2609 551 2669 incrementa
581 2615 725 2687 ceperunt
752 2608 826 2668 haec
847 2608 960 2678 studia,
989 2628 1025 2669 ex
1053 2628 1111 2688 quo
1138 2618 1272 2690 tempore

104 2711 142 2772 H.
164 2711 346 2771 Lehrsius
373 2707 451 2768 libro
479 2709 529 2769 illo
557 2709 593 2770 de
616 2708 781 2770 Aristarchi
804 2709 911 2770 studiis
932 2709 1112 2778 Homericis,
1136 2713 1187 2790 qui
1210 2731 1271 2772 om·

104 2816 188 2873 nium
204 2811 292 2872 laude
316 2817 345 2870 et
359 2810 554 2872 admiratione
571 2811 756 2879 celebratur,
780 2818 922 2890 quantum
946 2829 1037 2872 novae
1060 2818 1089 2872 et
1111 2813 1272 2891 lrngilerae

105 2915 252 2975 scientiae
282 2929 317 2972 en
341 2910 461 2972 scholiis
484 2912 685 2972 curiosissime
709 2911 905 2991 pervolutatis
933 2911 1002 2972 elici
1031 2921 1146 2992 posset,
1175 2915 1272 2976 decla·

106 3017 184 3077 ravit
205 3023 236 3074 et
258 3015 330 3074 viris
352 3013 448 3073 doctis
471 3013 525 3073 hoc
541 3015 729 3092 potissimum
745 3013 916 3092 proposuit,
941 3022 973 3074 ut
988 3015 1134 3074 consimili
1156 3018 1272 3076 ratione

105 3117 293 3195 singulorum
315 3114 582 3175 Alexandrinorum
606 3117 794 3184 memoriam,
818 3132 894 3193 quae
917 3117 1001 3193 quasi
1024 3115 1137 3194 sepulta
1161 3119 1273 3177 iaceret

104 3223 137 3280 in
162 3225 242 3279 vasta
259 3216 437 3278 scholiorum
453 3217 609 3293 congerie,
634 3219 849 3278 resuscitarent
864 3223 894 3275 et
916 3217 947 3274 in
969 3216 1066 3276 lucem
1082 3217 1271 3278 reducerent.

104 3321 171 3391 Quo
199 3321 231 3379 in
260 3318 361 3378 labore
389 3317 573 3396 perficiendo
606 3318 684 3379 haud
719 3336 829 3397 paucos
858 3317 946 3378 huius
975 3319 1081 3377 aetatis
1109 3318 1274 3397 philologos

104 3422 243 3482 videmus
265 3419 389 3479 multum
418 3417 529 3480 laboris
556 3426 586 3480 et
613 3438 721 3499 operae
743 3421 979 3498 consumpsisse,
1009 3425 1097 3498 atque
1124 3419 1181 3481 iam
1204 3439 1272 3500 pro·

104 3525 228 3584 dierunt
255 3521 285 3580 in
314 3521 411 3580 lucem
438 3520 475 3580 de
503 3519 699 3600 Aristophane
722 3520 878 3600 Byzantio,
902 3519 1084 3589 Callistrato,
1112 3520 1272 3592 Zenodoto,

105 3623 293 3692 Herodiano,
327 3621 491 3691 Nicanore,
524 3623 712 3691 Aristonico,
747 3621 891 3700 Didymo,
925 3620 1112 3699 Porphyrio,
1149 3621 1273 3684 Seleuco

104 3724 281 3792 Homerico,
306 3723 482 3803 Tryphone,
499 3723 676 3792 Philoxeno,
692 3723 850 3803 Apollonio
865 3721 996 3791 Rhodio,
1014 3723 1130 3784 Cratete
1146 3723 1272 3794 Mallote,

104 3826 209 3888 multis
232 3825 299 3886 aliis
322 3825 523 3902 grammaticis
550 3827 814 3886 commentationes
837 3823 941 3884 doctae
970 3830 1000 3884 et
1029 3823 1099 3884 libri
1122 3823 1273 3894 laboriosi,

2 3925 6 3936 '
104 3947 237 4010 quorum
258 3933 338 3988 tanta
355 3934 400 3986 est
423 3929 454 3986 iu
477 3925 646 4006 republica
668 3926 814 3987 litteraria
836 3924 1006 3995 celebritas,
1030 3933 1064 3986 ut
1079 3927 1273 3988 enumerandi

104 4048 198 4111 opera
222 4028 420 4108 supersedere
445 4030 563 4106 possim.

194 4131 378 4209 Quamquam
402 4136 501 4190 autem
524 4130 703 4190 consociatis
724 4135 767 4189 tot
782 4128 968 4189 eruditorum
991 4128 1143 4188 homiuum
1167 4129 1274 4190 studiis

108 4231 327 4295 Alexandrinae
350 4250 438 4311 quam
454 4237 559 4291 vocant
582 4233 671 4291 aetati
687 4232 795 4290 mirum
811 4236 954 4310 quantum
976 4229 1051 4290 lucis
1073 4227 1205 4292 oblatum
1219 4238 1273 4300 est,
