3124 4682
636 281 788 378 A
823 261 824 270 ,

125 472 261 533 scholion
291 471 321 532 V·
343 471 557 533 contendentes
585 490 652 534 cum
681 472 794 533 scholio
816 471 870 534 BL
900 472 986 533 tacite
1019 465 1232 553 perspicimus,
1263 477 1294 535 in

126 582 256 653 utroque
288 575 377 653 plane
416 573 540 635 eandem
573 593 637 636 esse
676 592 780 636 versus
816 575 966 635 llomerioi
999 578 1293 655 interpretationem:

125 695 222 756 quare
245 694 305 738 non
327 675 510 737 incredibile
540 682 598 745 est,
627 676 785 736 lectionem
813 693 930 756 quoque
954 678 1079 738 eandem
1108 681 1139 737 in
1168 684 1293 757 utroque

126 777 244 838 scholio
273 777 426 847 exhiheri,
462 794 588 854 cumque
618 778 697 855 quod
725 777 779 838 BL
808 777 919 840 habent
947 779 1170 856 percontatio
1199 780 1294 840 solum
1380 805 1382 814 ¹

126 881 285 940 conveniat
308 879 351 940 illi
374 881 615 959 interpretationi
639 882 804 950 communi,
835 881 891 944 hoc
913 899 968 960 pro
996 881 1235 958 μεταναςτεῑν
1263 884 1294 944 iu

124 981 150 1040 V
172 981 392 1044 restituendum
415 983 483 1041 erit.

214 1082 294 1154 Quae
324 1086 350 1144 'si
378 1089 461 1144 recte
490 1082 646 1144 emendata
675 1089 757 1152 sunt,
792 1083 988 1161 μεταναςτήν
1012 1084 1145 1146 Rhianus
1173 1085 1295 1146 deduxit

126 1185 165 1246 ab
189 1185 336 1246 adiectivo
359 1185 473 1248 verbali
501 1183 709 1262 μεταναςτός,
739 1185 816 1264 quod
839 1185 1069 1265 parasynthetou
1097 1186 1202 1247 haberi
1231 1189 1294 1248 sine

125 1287 220 1348 dubio
247 1287 352 1356 voluit,
381 1295 414 1348 ut
441 1305 499 1346 non
524 1295 635 1366 pugnet
657 1303 725 1348 oum
753 1287 855 1364 regula
878 1287 1041 1348 Herodiani
1069 1307 1086 1348 a
1116 1289 1294 1367 Goettlingio

125 1389 164 1450 dc
193 1387 367 1450 accentibus
399 1409 428 1468 p.
457 1385 520 1450 313
553 1390 696 1468 exposita.
741 1389 914 1450 Femininae
949 1395 1046 1450 autem
1081 1392 1196 1452 lormae
1224 1409 1295 1451 usus

124 1493 264 1552 munitur
279 1490 436 1551 adiectivis
451 1489 619 1552 Homericis
634 1489 821 1567 δουρικτητή
846 1490 852 1552 Ι
869 1488 947 1560 343,
971 1488 1163 1569 ἀμαιμακέτη
1179 1489 1206 1554 Ζ
1224 1489 1293 1561 179,

125 1611 204 1672 quae
228 1591 427 1670 Goettlingius
449 1593 469 1653 l.
492 1593 511 1652 l.
536 1591 649 1662 attulit,
673 1589 809 1669 ἀπριὰτη
832 1591 910 1670 (vide
933 1593 1000 1654 lect.
1024 1590 1093 1673 41),
1124 1591 1246 1671 ἀδμήτη
1272 1593 1296 1656 Κ

123 1691 206 1764 293,
230 1691 360 1772 ἀςβέςτη
383 1693 416 1756 Π
433 1689 492 1754 123
522 1693 674 1755 nonnullis
703 1694 769 1754 aliis
792 1713 807 1754 a
830 1694 979 1755 Lobechio
1009 1695 1102 1774 paral.
1118 1715 1148 1776 p.
1165 1691 1228 1758 458
1248 1713 1293 1773 sq.

125 1795 270 1856 collectis.
317 1794 411 1856 Nobis
433 1795 598 1856 Aristarchi
621 1798 768 1856 rationem
792 1797 937 1876 potiorem
966 1814 1030 1858 esse
1053 1798 1112 1858 iam
1137 1816 1226 1876 supra
1248 1799 1293 1858 in·

125 1898 302 1958 dicavimus.
407 1933 409 1938 ,

213 1999 257 2060 Ex
289 1999 378 2060 Chia
412 1999 543 2060 editione
571 1999 705 2060 Rhianus
736 2000 835 2060 hausit
867 2001 956 2078 βοῶν
989 1997 1041 2062 ἔπι
1071 1999 1100 2063 Υ
1129 1997 1205 2070 188,
1240 1997 1323 2062 ubil)

15 2123 16 2144 2
124 2101 265 2172 Achilles,
290 2107 448 2181 antequam
471 2119 538 2162 cum
561 2101 659 2162 Aenea
683 2101 831 2180 confligit,
855 2103 1014 2163 minaciter
1036 2119 1104 2164 eum
1136 2102 1294 2182 compellat
1435 2089 1443 2104 ’

15 2283 17 2294 .
124 2202 228 2264 verbis
250 2203 311 2263 his:

253 2301 272 2379 ἦ
297 2302 337 2366 οὐ
360 2303 476 2386 μέμνῃ,
500 2301 554 2368 ὅτε
577 2302 638 2382 πέρ
661 2323 693 2368 ce
718 2309 821 2384 βοῶν
845 2301 922 2367 ἄπο
945 2308 1068 2383 μοῦνον
1091 2303 1189 2369 ἐόντα

255 2408 331 2468 ςεῦα
352 2404 424 2470 κατ’
446 2403 567 2470 Ἰδαίων
590 2405 696 2483 ὀρέων
711 2406 852 2484 ταχέεςςι
874 2403 1001 2470 πόδεςςι
1024 2413 1079 2468 cet.

124 2508 225 2569 Schol.
251 2505 488 2584 ἀναςτρεπτέον
511 2510 568 2588 τὴν
591 2506 755 2586 πρόθεςιν·
783 2507 847 2572 ἔςτι
868 2507 930 2586 γὰρ
953 2508 990 2572 τὸ
1014 2507 1085 2585 ἑξῆς
1107 2507 1173 2572 ἀπὸ
1197 2513 1293 2588 βοῶν.

15 2627 17 2672 t
123 2609 208 2674 ἔνιοι
236 2609 273 2672 δὲ
301 2607 504 2674 ςυντὰςςοαςι
531 2611 589 2689 τὴν
618 2608 682 2674 ἀπό
709 2616 756 2692 τῷ
778 2613 869 2691 cestu,
898 2609 934 2674 ἐν
960 2617 998 2692 τῇ
1028 2610 1097 2693 >tta
1125 2611 1162 2674 δὲ
1190 2615 1294 2690 βοῶν

123 2710 201 2774 ἔπι.
225 2713 248 2771 Α
271 2712 306 2772 Β.
330 2743 373 2755 -—
404 2710 538 2776 Ἄλλως.
562 2711 581 2789 ἡ
604 2711 760 2775 Ῥιανοῦ
782 2711 833 2775 καὶ
855 2711 1166 2791 Ἀριςτοφάνους
1190 2716 1293 2792 βοῶν

16 2805 17 2832 ³
122 2811 206 2894 ἔπι,
228 2811 290 2876 οὐκ
305 2810 474 2891 ἀχαρίτως.
498 2819 531 2875 Α.
555 2815 660 2875 Priore
676 2814 803 2884 scholio,
820 2817 906 2876 cuius
921 2822 1074 2875 auctorem
1091 2815 1292 2876 Herodianum

15 2965 17 3002 ὲ
123 2935 192 2985 esse
220 2917 284 2976 veri
307 2915 403 2976 simile
432 2924 491 2986 cst,
520 2917 664 2978 docemur
686 2919 746 2978 iam
776 2923 893 2978 veteres
914 2919 1124 2995 grammaticos
1152 2919 1232 2976 inter
1261 2935 1292 2977 se

15 3009 17 3020 '
123 3019 317 3087 dissensisse,
349 3023 447 3079 utrum
476 3017 542 3082 ἀπό
570 3037 625 3098 per
653 3020 762 3080 tmesin
790 3037 807 3078 a
838 3017 930 3080 verbo
959 3019 1036 3082 ςεῦα
1064 3020 1231 3078 seiunctum
1255 3037 1292 3078 an

15 3185 16 3198 ζ
109 3127 192 3180 'arte
221 3137 290 3180 cum
312 3123 450 3198 genetivo
479 3123 567 3197 βοῶν
597 3121 838 3198 coniungendum
861 3127 950 3180 essct.
986 3121 1080 3198 Atque
1104 3119 1292 3180 Herodianus

15 3205 17 3240 ³
123 3222 333 3283 Aristarchum
355 3229 474 3282 secutus
496 3223 621 3302 simplex
643 3223 719 3286 ςεῦα
741 3224 870 3301 positum
898 3239 964 3282 esse
993 3227 1023 3280 et
1050 3217 1115 3282 ἄπο
1146 3221 1181 3281 ad
1205 3224 1292 3299 βοῶν

124 3327 237 3386 reterri
266 3323 365 3385 voluit.
415 3324 469 3386 Cui
496 3325 662 3385 sententiae
691 3323 823 3384 Rhianus
857 3323 994 3392 accessit,
1029 3323 1079 3383 sed
1109 3323 1187 3384 idem
1217 3323 1294 3384 hanc

167 3479 173 3482 -
198 3477 326 3484 ----——-

15 3555 18 3576 ἱ
122 3575 224 3644 φηςίν,
243 3575 285 3628 ἵν’
308 3577 325 3643 ᾗ
345 3575 385 3627 ὡς
404 3575 435 3628 ἑκ
454 3576 546 3642 χειρὸς
575 3574 713 3640 daiphron
736 3574 910 3640 μετανάςτου
929 3573 1073 3640 ἀφείλετο.
1097 3573 1167 3627 BL.
1197 3573 1295 3627 Potest
1366 3571 1369 3580 “

15 3701 17 3710 ,
41 3667 44 3674 ⁴
122 3660 210 3714 etiam
228 3659 332 3714 Rhiani
354 3674 456 3712 nomen
481 3657 641 3728 saepissime
658 3657 728 3711 illud
746 3658 929 3728 depravatum
951 3659 1040 3714 latere
1063 3658 1091 3712 in
1115 3660 1293 3726 Ἡρωδιανὸς,

15 3743 17 3794 i
121 3744 291 3815 praesertim
317 3744 340 3798 si
365 3744 395 3797 in
421 3744 474 3798 hoe
492 3743 603 3798 nominc
629 3745 691 3811 ἠρω
715 3743 824 3798 litteras
844 3743 1008 3813 compendio
1036 3761 1136 3814 parum
1161 3742 1293 3797 distincto

122 3831 255 3886 exaratas
273 3831 411 3900 putemus.
446 3827 669 3882 Ac'Lehrsius
691 3828 818 3897 profecto
840 3829 869 3883 in
892 3827 1017 3897 reliquiis
1040 3827 1105 3882 libri
1123 3829 1188 3896 περὶ
1219 3831 1294 3884 Ἰλια-

15 3899 16 3908 ¹
122 3921 176 3984 κής
195 3915 354 3984 πρὸςψδίας
374 3918 408 3980 (v.
423 3912 575 3968 Herodiani
593 3911 650 3966 tria
662 3912 766 3982 scripta
783 3913 891 3968 emend.
908 3931 936 3982 p.
951 3915 1095 3981 lea-336)
1107 3912 1183 3966 hunc
1200 3913 1293 3966 locum

15 4037 18 4060 v
122 3999 285 4069 Herodiano
304 4015 360 4054 non
377 3997 542 4063 vindicavit,
563 3998 613 4052 sed
629 3997 683 4052 hoc
700 3997 865 4068 propterea,
890 3999 973 4068 pulo,
998 3997 1079 4067 feeit,
1099 3996 1174 4065 quod
1192 3994 1291 4051 codici-

121 4086 179 4138 bus
195 4083 221 4137 V
240 4085 268 4138 et
284 4084 306 4138 L
326 4081 406 4138 eliis
424 4099 497 4152 quae
515 4081 537 4135 B
556 4099 619 4136 cum
636 4081 680 4135 his
703 4081 861 4137 communia
877 4081 964 4137 habet
987 4083 1110 4136 ‘nullum
1127 4097 1213 4134 unum
1230 4097 1291 4134 ver-

122 4169 193 4222 bum
220 4167 388 4222 eredendum
413 4176 485 4223 eosa’
512 4165 596 4221 Arist.
623 4185 651 4236 p.
669 4173 701 4222 31
729 4166 807 4220 dixit.
845 4167 974 4223 Ceterum
1001 4172 1094 4222 tacere
1120 4180 1175 4219 non
1203 4163 1292 4220 debeo

123 4251 228 4307 Maur.
246 4252 471 4310 Schmidtium
488 4251 558 4306 mihi
574 4252 647 4310 hanc
665 4251 831 4310 emendandi
848 4253 923 4310 viem
939 4250 1060 4322 benigne
1079 4248 1257 4323 significasse.
