3124 4682
266 499 381 567 insunt,
409 516 485 578 quae
513 497 635 558 Homeri
664 513 723 555 nnn
754 495 841 556 modo
875 496 994 574 legendi
1022 495 1223 573 diligentiam,
1259 497 1311 557 sed
1340 499 1435 558 etiam

178 623 183 632 ·
269 600 405 660 imitandi
428 598 560 658 studium
584 603 723 657 testatum
747 597 865 658 iaciant.

351 700 523 761 Dialecto
551 698 673 778 quidem
700 697 834 758 Ririanus
866 717 925 758 non
954 700 1071 776 integra
1100 717 1156 759 uec
1184 702 1331 759 constanti
1360 719 1436 762 usus

268 809 314 862 est
336 803 437 880 epita,
466 819 533 861 cum
556 802 676 879 saepius
704 800 821 860 doricas
849 800 960 860 turmas
988 803 1116 860 orationi
1146 803 1349 870 inmiscuerit,
1379 804 1436 862 sed

267 903 455 972 Homericam
477 903 609 981 speciem
632 911 661 962 et
684 904 829 980 originem
852 902 938 962 facile
961 902 1179 962 animadvertes
1199 905 1232 962 in
1252 903 1359 964 horum
1384 923 1435 964 νο-

268 1004 442 1065 cabulorum
465 1006 585 1065 turmis:
607 1001 721 1066 rdccov
737 1052 743 1064 .
762 1049 768 1062 .
784 1000 879 1066 dcccv
901 999 932 1077 2,
956 999 991 1072 3,
1024 1001 1059 1065 ἐν
1082 1000 1164 1080 εἴαρι
1188 1001 1244 1082 11,
1267 1001 1302 1075 3,
1332 1002 1437 1068 ἄνθεα

268 1103 392 1182 εἰαρινά
413 1103 443 1176 2,
466 1103 496 1175 4,
520 1107 641 1180 ετεινῆε
661 1102 697 1174 4,
720 1100 750 1174 2,
774 1103 920 1181 τρηχείην
945 1103 993 1174 11,
1019 1101 1047 1174 1,
1076 1100 1171 1168 ᾰεεον
1198 1101 1236 1174 4,
1259 1101 1294 1174 5,
1322 1105 1437 1184 τηλόθι

268 1206 357 1277 ibid,
389 1203 525 1270 πολλάκι
547 1203 582 1276 8,
606 1202 642 1279 2;
677 1223 732 1266 nec
766 1208 865 1266 minus
897 1207 928 1266 in
963 1205 1197 1268 declinationum
1231 1207 1337 1268 formis
1369 1209 1433 1270 his:

269 1305 502 1385 Ἀεκληπιὰδεω
531 1304 624 1378 9,1,
659 1304 820 1370 Λεπτίνεω
843 1304 879 1376 3,
903 1304 938 1376 7,
973 1309 1028 1388 θεῇ
1052 1303 1086 1376 8,
1109 1303 1146 1376 5,
1180 1305 1325 1389 ῥοδέῃειν
1346 1308 1379 1380 4,
1402 1309 1433 1382 3,

270 1407 460 1486 ἀτραπιτοῖο
482 1405 512 1477 4,
538 1407 565 1478 1,
589 1406 729 1485 χέρεεειν
744 1405 811 1477 4,3
834 1417 864 1468 et
885 1405 1017 1486 χείρεεει
1039 1405 1068 1478 6,
1092 1405 1121 1477 3,
1145 1407 1219 1470 κατ’
1240 1407 1315 1486 ἐμεῦ
1332 1409 1381 1480 11,
1399 1411 1434 1483 1;

270 1518 300 1570 et
321 1513 353 1570 in
376 1509 534 1570 verborum
557 1511 662 1570 formis
684 1510 782 1586 xedor
807 1508 834 1579 1,
860 1507 888 1578 1,
911 1507 1068 1587 χευαμένη
1091 1507 1121 1579 8,
1143 1505 1164 1568 2
1193 1508 1257 1588 (cir.
1287 1495 1382 1573 (24.
1406 1534 1434 1576 ω

268 1609 357 1689 317),
381 1609 480 1674 κιόντι
500 1607 530 1682 4,
556 1610 584 1680 1,
607 1611 701 1686 θῆκεν
725 1607 759 1679 8,
782 1607 817 1680 5,
840 1609 969 1686 μόλοιτε
991 1609 1026 1680 3,
1051 1608 1106 1686 11,
1136 1608 1331 1690 ἀμφιτέθηλε
1353 1611 1389 1683 3,
1413 1612 1435 1676 6

269 1713 316 1791 (de
345 1732 404 1792 quo
433 1712 523 1772 verbo
553 1711 715 1791 composito
743 1713 799 1772 cir.
829 1712 1006 1773 adiectivum
1035 1713 1225 1774 Homericum
1253 1713 1436 1793 ἀμφιθαλήε

270 1812 296 1876 Χ
318 1810 408 1893 496),
432 1811 494 1876 ἐκεί
518 1813 545 1883 1,
568 1811 598 1874 3.
621 1809 651 1882 4,
675 1810 705 1872 4.
751 1814 793 1873 Ex
816 1814 1176 1894 praepositionibus
1199 1815 1291 1876 attero
1312 1814 1389 1878 ποτί
1403 1814 1433 1886 3,

268 1913 299 1976 3.
328 1913 364 1985 4,
387 1913 407 1976 3
436 1924 467 1975 et
494 1913 573 1978 κατά
605 1933 660 1994 per
682 1916 791 1974 tmesin
815 1934 830 1974 a
858 1913 950 1976 verbo
979 1913 1044 1992 χέω
1067 1924 1236 1995 separatum
1260 1913 1288 1987 1,
1314 1915 1330 1976 1
1354 1917 1436 1982 κατὰ

269 2015 389 2092 γλυκὺν
417 2017 516 2093 χεῦαν
545 2013 675 2097 ἔλαιον,
710 2015 789 2094 quod
823 2015 910 2095 plane
937 2015 1097 2077 Homerico
1126 2037 1208 2078 more
1237 2019 1349 2079 dictum
1377 2027 1433 2089 est,

152 2115 153 2118 ’
269 2138 446 2198 quamquam
468 2117 497 2180 Ψ
519 2114 582 2179 282
597 2115 697 2194 ὑγρὸν
720 2114 831 2180 ἔλαιον
859 2115 999 2194 χαιτάων
1028 2117 1177 2196 κατέχευε
1200 2121 1304 2180 tmesis
1326 2121 1434 2181 omissa

270 2228 324 2280 est.
370 2221 648 2281 Particularum
671 2219 882 2279 abundantiam
906 2219 981 2278 hanc
1009 2217 1028 2296 ἦ
1053 2216 1094 2296 ῥά
1120 2217 1160 2282 νύ
1182 2238 1231 2282 τοι
1253 2217 1289 2290 4,
1317 2219 1332 2280 1
1363 2241 1434 2282 ean-

270 2323 337 2382 dem
360 2323 422 2382 tere
445 2323 571 2400 legimus
595 2321 627 2384 Μ
651 2317 712 2380 162
733 2317 798 2382 Ζεῦ
821 2316 938 2395 πάτερ,
965 2317 985 2396 ἦ
1009 2317 1050 2396 ρά
1078 2339 1117 2384 νυ
1140 2319 1189 2383 καὶ
1217 2320 1253 2384 cd
1276 2322 1434 2401 φιλοψευ-

269 2423 326 2499 on<
348 2421 494 2500 ἐτέτυξο,
519 2418 590 2482 eid
619 2421 715 2500 φίλοε
736 2418 767 2494 4,
790 2417 810 2480 6
833 2421 955 2481 ductum
986 2429 1031 2482 est
1059 2441 1094 2482 cx
1118 2421 1275 2483 Homerico
1305 2420 1325 2486 ἆ
1348 2423 1435 2487 δειλέ

269 2522 294 2586 Λ
316 2520 387 2583 441.
410 2519 489 2592 452,
512 2521 548 2585 Π
567 2519 627 2582 837
644 2522 680 2582 ai.
1345 2530 1351 2540 ·

355 2623 539 2684 Vocabula
563 2641 652 2702 porro
675 2641 711 2682 ex
726 2622 854 2684 Homero
870 2605 1035 2704 desumpsit
1050 2625 1138 2686 haec:
1155 2623 1313 2702 ἀτρεκέωε
1337 2625 1386 2702 10,
1404 2624 1434 2698 2,

270 2723 413 2790 ὑετάτιοε
434 2721 464 2795 2,
487 2721 517 2795 2,
542 2721 674 2802 ἀμογητί
702 2721 736 2794 6,
759 2723 779 2786 3
809 2724 873 2804 (cir.
896 2724 922 2788 lt
944 2723 1031 2802 637),
1061 2724 1233 2803 ἀτραπιτόε
1255 2725 1291 2796 4,
1317 2726 1332 2786 1
1369 2729 1435 2806 (cir.

270 2847 289 2890 ν
314 2824 400 2904 195),
423 2825 568 2902 γωρυτόε
591 2824 623 2896 7,
647 2823 667 2886 3
692 2825 756 2904 (cir.
780 2847 805 2904 φ
828 2823 895 2907 54),
919 2825 1084 2905 πλόκαμοε
1106 2825 1140 2898 8,
1164 2825 1184 2888 2
1209 2828 1275 2906 (etr.
1299 2826 1327 2890 Ξ
1352 2827 1434 2908 176),

270 2926 476 3006 ἀναετενάχω
492 2925 522 3004 5,
545 2926 565 2990 3
589 2926 654 3007 (etr.
670 2926 700 2990 Ψ
714 2925 796 3004 211),
821 2927 951 2991 κνώειω
969 2926 1032 2997 1,2
1056 2927 1120 3008 (cfr.
1145 2933 1164 2991 b
1186 2927 1274 3010 809),
1299 2929 1436 3008 πέμπειν

271 3051 326 3110 pro
348 3027 552 3108 ἀποπέμπειν
580 3027 614 3100 7,
638 3027 658 3090 6
687 3028 752 3106 (cfr.
775 3049 794 3092 ο
818 3027 867 3090 74.
892 3027 918 3090 Ω
941 3027 1018 3100 430,
1047 3049 1121 3110 quos
1149 3031 1231 3091 iocos
1246 3033 1303 3092 iam
1320 3032 1437 3092 Saaiius

271 3153 300 3212 p.
317 3129 358 3194 83
380 3132 541 3211 indicavit).
570 3129 739 3209 οὐράνιοε,
769 3131 847 3210 quod
876 3132 976 3211 hymn.
1000 3133 1066 3192 Cer.
1090 3128 1132 3194 55
1159 3135 1282 3212 proprie
1305 3135 1436 3212 positum

271 3243 330 3294 est:
360 3231 406 3296 τῖε
434 3237 519 3296 θεῶν
543 3231 721 3310 οὐρανίων,
744 3233 886 3293 translate
909 3233 945 3294 de
969 3241 1121 3294 venustate
1145 3237 1313 3313 usurpavit:
1339 3231 1436 3312 οὐρα-

272 3333 322 3410 νίη
345 3332 435 3411 χάρις
450 3331 479 3404 3,
497 3331 533 3405 6;
562 3331 747 3412 ἀκηράιιοε,
778 3334 855 3412 qnod
879 3331 974 3396 1205
1001 3333 1098 3414 ἡδύν,
1127 3331 1315 3412 ἀκηράειον,
1346 3336 1436 3399 θεῖον

271 3433 374 3498 ποτόν
404 3435 440 3494 de
476 3437 559 3505 vino,
594 3436 694 3514 hymn.
723 3435 812 3494 Mero.
842 3432 883 3496 72
917 3435 1104 3515 βοεκόμεναι
1134 3437 1292 3513 λειμῶνος
1321 3433 1437 3514 ἀκηρα-

272 3535 358 3600 cion<
385 3536 420 3596 de
449 3538 543 3615 pratis
571 3536 694 3604 dicitur,
729 3555 784 3615 per
813 3537 1019 3617 metaphoram
1049 3539 1180 3599 traduxit
1208 3539 1243 3598 ad
1273 3541 1438 3599 iuventutis

271 3640 376 3699 florem
398 3635 427 3706 3,
451 3633 472 3698 4
494 3635 593 3711 γυίων
617 3633 716 3701 ἄνθοε
739 3635 926 3718 ἀκηράειον,
956 3647 987 3699 et
1009 3639 1065 3698 hoc
1093 3642 1191 3716 ipsum
1213 3637 1313 3712 γαίων
1337 3636 1438 3702 ἄνθοε

272 3741 386 3800 dictum
414 3745 460 3799 est
488 3739 523 3799 ad
553 3739 778 3800 similitudinem
807 3739 956 3800 Homerici
986 3738 1064 3819 ἥβη(
1092 3737 1191 3803 ἄνθοε
1225 3738 1345 3802 Ν484.
1383 3739 1439 3804 ἄν·

272 3843 330 3902 θεα
352 3837 475 3916 εἰαρινά
496 3835 525 3907 2,
549 3836 570 3899 4
592 3843 761 3919 repcrimus
783 3843 872 3901 etiam
896 3841 918 3902 Β
942 3836 999 3911 89,
1029 3847 1059 3900 ct
1080 3840 1132 3903 ταὶ
1154 3841 1283 3918 λιπαραὶ
1306 3840 1438 3920 Χάριτες

271 3939 301 4012 4,
324 3937 345 4001 2
368 3942 516 4018 originem
540 3941 649 4001 ducere
672 3942 789 4002 videtur
813 3961 847 4001 ex
872 3938 972 4003 (382
1000 3939 1095 4018 Χάριε
1126 3942 1437 4021 λιπαροκρήδεμνος·

273 4062 396 4124 prorsus
419 4061 489 4103 vero
510 4042 640 4102 Homero
663 4043 788 4103 debetur
812 4041 913 4120 ἀγαθὴ
941 4041 1165 4119 κουροτρόφοε
1187 4040 1216 4112 2,
1243 4043 1258 4102 1
1284 4045 1320 4104 de
1343 4045 1437 4105 Troe·

219 4169 228 4190 ι
273 4164 345 4206 zene
369 4145 493 4214 dictum,
518 4141 683 4211 ο1τ.ι27;
713 4147 801 4204 ctiam
832 4142 1076 4221 θαλαμηπόλοε,
1105 4163 1162 4223 qua
1193 4163 1262 4204 vnce
1286 4143 1322 4213 8,
1351 4144 1363 4204 1
1390 4167 1437 4206 sa-

273 4247 424 4306 cerdotem
455 4245 579 4326 Cybeles
608 4247 771 4323 significat,
802 4248 924 4324 repetiit
952 4264 987 4304 ex
1010 4264 1028 4321 η
1052 4241 1082 4306 8.
1112 4242 1238 4322 ψ293,
1269 4246 1318 4306 ubi
1347 4265 1437 4310 sensu
