3124 4682
764 306 916 402 211-

258 498 426 560 Aristonico
442 497 639 577 explicantur,
662 497 719 556 hoc
734 496 798 556 loco
813 496 942 557 offensos
957 496 1123 586 quinque
1146 513 1252 558 vorsus
1274 514 1329 576 pro
1352 495 1427 558 sub-

257 600 370 661 diticiis
391 599 548 669 habuisse,
572 597 711 659 videntur
733 604 854 677 praeter
876 606 939 658 tres
960 597 1027 658 illos
1042 615 1146 658 versus
1168 598 1317 660 aRhiano
1340 598 1426 660 darn·

256 709 342 762 natos
364 703 455 762 etiam
479 697 539 762 161
562 709 592 760 et
615 695 676 761 162
699 701 835 762 eiecisse.
880 699 940 760 Sed
961 700 1038 760 hanc
1066 702 1214 760 rationem
1242 703 1301 761 iam
1323 700 1427 762 Nitz·

203 859 207 864 .
257 804 384 864 schius
407 804 493 865 hum.
516 821 553 863 zu
575 802 661 866 llom.
685 801 740 863 00.
764 801 778 862 Ι
799 821 828 882 p.
851 797 930 873 247,
953 803 1006 882 qui
1027 802 1117 864 huius
1139 802 1198 862 loci
1220 804 1427 880 integritatem

256 904 576 984 sagaciterdeiendit,
600 903 779 984 inprobavit,
803 910 833 963 ct
847 921 1027 983 quamquam
1049 905 1078 964 ei
1100 905 1232 983 primum
1254 904 1290 965 de
1306 904 1426 964 Rhiano

256 1007 387 1068 scholion
415 1008 602 1086 incognitum
630 1014 709 1076 erat,
743 1025 805 1066 nou
838 1007 971 1086 quinque
1005 1005 1057 1067 sed
1085 1013 1148 1066 tres
1176 1024 1280 1067 versus
1310 1008 1427 1067 eiectos

255 1128 322 1171 esse
344 1111 490 1180 coniecit,
519 1111 568 1171 cui
598 1110 765 1171 sententiae
789 1109 914 1169 accessit
937 1107 1015 1168 Guil.
1045 1107 1286 1178 Dindoriius,
1316 1109 1425 1187 quiin

256 1211 346 1272 schol.
372 1212 417 1272 ed.
441 1204 470 1285 γ’
493 1213 637 1291 reposuit.
669 1211 779 1272 Contra
802 1209 933 1270 oblocuti
955 1217 1024 1271 sunt
1046 1209 1241 1291 Rumplius
1263 1210 1300 1271 de
1322 1227 1424 1287 γαμο-

254 1311 344 1392 ποιίᾳ
366 1312 491 1373 Menelai
514 1333 544 1392 p.
566 1311 588 1373 4
610 1320 671 1374 not.
694 1309 715 1373 5
743 1318 773 1374 et
795 1311 1054 1390 Henningsius
1076 1311 1187 1372 Telem.
1210 1332 1240 1391 p.
1265 1307 1340 1380 184,
1369 1314 1425 1390 qui

254 1415 362 1476 iisdem
384 1415 449 1474 iere
478 1417 665 1492 argumentis
692 1431 726 1474 ac
754 1413 924 1474 Nitzschius
950 1415 1012 1484 usi,
1043 1431 1110 1476 cum
1139 1414 1271 1476 scholion
1299 1413 1423 1474 tertium

254 1515 292 1576 ad
314 1533 419 1576 versus
443 1509 610 1575 158-162
637 1516 789 1594 pertinere
816 1522 976 1592 negarent,
1005 1517 1105 1594 potius
1127 1535 1231 1577 versus
1254 1512 1423 1577 163-167

254 1617 292 1678 ah
314 1616 489 1678 Aristarcho
517 1623 631 1677 amotos
659 1634 724 1677 esse
752 1624 940 1696 putaverunt.
985 1616 1028 1677 De
1050 1617 1166 1678 Rhiano
1194 1625 1294 1679 autern
1322 1625 1423 1678 tacue-

253 1729 339 1793 runt,
362 1720 422 1780 nisi
446 1718 525 1798 quod
540 1717 744 1796 Henning'sius
765 1726 798 1779 ut
821 1720 1046 1796 grammaticum
1070 1725 1099 1779 et
1113 1727 1231 1800 poetam
1247 1719 1421 1781 Cretensem

252 1838 358 1902 parurn
380 1821 533 1898 cognitum
556 1818 655 1879 obiter
678 1836 745 1880 eum
768 1822 1019 1881 commemoravit.
1051 1819 1109 1882 Sed
1125 1821 1199 1882 haec
1214 1829 1365 1900 utcunque
1387 1839 1421 1882 se

252 1922 365 1983 habent
385 1956 428 1966 -
450 1939 518 1982 narn
546 1921 621 1981 mihi
643 1921 764 2000 quidem
787 1923 894 1982 horum
917 1924 1064 1983 sententia
1095 1942 1154 1988 non
1181 1931 1241 1983 tarn
1271 1929 1352 1983 certa
1375 1931 1421 1983 est

252 2043 341 2104 quarn
364 2024 509 2093 hmeisio,
539 2024 591 2102 qui
619 2023 651 2082 in
680 2023 845 2103 appendice
874 2024 910 2084 ad
934 2023 1038 2104 Odyss
1068 2027 1086 2087 δ
1111 2021 1172 2086 158
1201 2043 1266 2086 eam
1296 2041 1423 2103 prorsus

252 2121 500 2206 comprobavit27)
524 2157 566 2171 -
588 2142 648 2184 non
671 2131 732 2194 est,
755 2142 809 2184 cur
831 2124 958 2186 traditae
981 2127 1119 2187 codicum
1142 2128 1306 2187 memoriae
1329 2126 1421 2188 diffisi

253 2247 269 2288 a
292 2227 408 2288 Rhiano
431 2227 506 2288 alios
526 2245 631 2288 versus
646 2244 735 2306 quam
752 2221 920 2287 158-160
935 2230 1149 2289 exterminatos
1164 2247 1229 2290 osse
1245 2236 1419 2290 statuamus

252 2330 327 2392 Nam
350 2332 480 2410 primurn
496 2329 589 2390 lacile
612 2347 628 2387 e
651 2329 869 2390 sententiarum
899 2329 1005 2391 ordine
1033 2337 1064 2390 et
1085 2349 1163 2392 nexu
1192 2333 1322 2391 amoveri
1350 2349 1419 2409 pos·

252 2438 336 2501 sunt,
367 2449 423 2492 nec
451 2430 610 2510 quicquam
639 2429 674 2490 ad
697 2428 899 2506 integritatem
920 2415 1065 2493 orationis
1087 2432 1183 2503 deest,
1214 2450 1281 2493 curn
1309 2428 1417 2494 κείνου

251 2530 308 2610 μέν
330 2550 381 2612 τοι
404 2529 458 2592 ὅδ’
480 2528 549 2594 uide
571 2527 744 2609 ἐτήτυμον,
772 2527 818 2594 ὡ(
839 2528 1005 2610 ἀγορεύει(
1027 2540 1057 2594 et
1078 2530 1180 2612 αὐτὰρ
1203 2531 1257 2611 ἐμὲ
1277 2531 1417 2610 προέηκε

253 2631 402 2711 Γερήνιος
422 2629 545 2695 ἱππότα
561 2629 689 2710 Νέετωρ
711 2635 784 2694 satis
806 2640 874 2713 apte
896 2636 976 2695 inter
998 2653 1029 2696 se
1045 2642 1254 2699 conectantur:
1277 2636 1418 2714 trequen-

250 2738 293 2796 tia
322 2736 400 2796 enim
428 2741 498 2795 sunt
527 2735 663 2815 exempla
690 2735 906 2814 particularum
935 2734 994 2814 μέν
1013 2755 1064 2800 τοι
1087 2735 1143 2817 (νοί
1171 2736 1238 2817 μέν)
1263 2744 1293 2796 et
1316 2732 1418 2813 αὐτάρ

251 2839 331 2896 inter
353 2855 385 2898 se
408 2837 628 2916 oppositarum,
660 2843 693 2896 ut
715 2839 733 2900 δ
755 2834 817 2897 411
847 2837 960 2916 φώκας
981 2835 1039 2916 μέν
1061 2857 1111 2901 τοι
1132 2841 1264 2915 πρῶτον
1287 2835 1419 2916 ἀριθμήκ

251 2957 296 3002 εει
318 2936 369 3002 καὶ
390 2935 525 3000 ἔπειτιν·
560 2935 661 3014 αὐτὰρ
689 2935 770 3016 ἐπὴν
798 2937 1011 3018 πεμπάετεται
1039 2948 1110 3021 cet,
1138 2938 1163 3001 Α
1184 2937 1235 3003 51.
1261 2935 1330 3000 127.
1354 2935 1418 3000 331

251 3048 282 3100 et
303 3037 375 3101 333.
399 3041 423 3101 B
446 3035 488 3100 48
512 3046 542 3099 et
562 3036 615 3100 50.
646 3036 717 3100 102.
740 3036 813 3102 405.
847 3038 941 3102 Γ16.
965 3037 1006 3101 08
1034 3041 1101 3102 aliis
1129 3042 1211 3102 locis.
1256 3042 1418 3102 Praeterea

250 3161 321 3203 vero
343 3161 448 3204 causas
471 3143 503 3202 in
526 3141 639 3202 scholio
668 3142 761 3202 altero
783 3140 913 3222 prolatas
940 3145 1132 3222 perspicuum
1155 3151 1201 3204 est
1222 3145 1281 3203 nisi
1304 3143 1340 3228 ad
1363 3142 1420 3203 hos

249 3263 354 3306 versus
381 3245 503 3304 omnino
532 3262 591 3304 non
619 3243 783 3322 quadrare,
818 3244 848 3303 id
883 3244 960 3323 quod
996 3247 1085 3305 ctiam
1115 3245 1317 3322 llenningsius
1346 3263 1418 3306 con·

319 3513 363 3578 27)
381 3509 454 3564 Nam
482 3510 557 3578 quod
584 3508 765 3578 Rumplius
787 3507 908 3578 primum
930 3512 1127 3578 argumentum
1149 3510 1294 3580 proponit,
1320 3528 1418 3566 versus

251 3601 385 3652 158-162
413 3611 447 3648 ox
475 3594 601 3648 oratione
628 3592 752 3648 amoveri
769 3610 824 3647 non
842 3609 936 3663 posse,
964 3595 1030 3662 qnia
1055 3612 1151 3650 versus
1171 3601 1218 3648 157
1237 3597 1267 3649 et
1286 3601 1333 3652 163
1352 3609 1417 3650 con-

249 3679 328 3748 iungi
345 3680 499 3746 nequeunt,
523 3679 576 3732 hoc
587 3695 639 3748 per
651 3694 680 3732 se
699 3677 811 3746 quidem
824 3679 939 3734 concedi
949 3680 1041 3746 debet,
1059 3681 1090 3733 at
1103 3679 1274 3748 infringitur,
1296 3681 1417 3734 nbiAri-

250 3763 392 3819 starchum
415 3763 528 3817 eosdem
549 3765 606 3818 tres
628 3779 723 3817 versus
747 3779 816 3830 quos
837 3763 976 3818 Rhianum
1000 3763 1112 3818 eiecisse
1134 3766 1273 3834 putamus.
1308 3764 1417 3820 Deinde

250 3848 326 3916 qnod
344 3847 412 3902 dicit
429 3863 525 3902 causes
538 3847 699 3916 suspitionis
716 3847 745 3902 in
762 3847 867 3903 scholio
885 3848 970 3902 tertio
989 3847 1112 3904 adiectae
1124 3848 1153 3902 in
1165 3865 1260 3904 versus
1274 3853 1418 3917 163-167,

249 3931 352 3987 nonin
368 3948 463 3986 versus
482 3938 614 3986 158-162
633 3933 786 4002 quadrare,
805 3933 915 3987 obicere
933 3933 1011 3999 licet,
1034 3934 1122 3988 verba
1147 3935 1205 3988 ὑπὸ
1224 3934 1289 3988 νέου
1307 3936 1419 3988 παντά-

249 4035 314 4074 πατι
333 4017 460 4082 λέγεεθαι
478 4018 614 4085 ἀπρεπεῖ(
632 4019 760 4088 spectare
783 4016 819 4072 ad
837 4016 977 4090 l'isistrati
999 4018 1087 4072 verba
1104 4019 1176 4073 ἀλλὰ
1194 4019 1330 4085 (αόφρων
1348 4019 1416 4088 tcrl,

249 4119 321 4170 quae
339 4102 467 4156 iuvenem
486 4102 520 4166 de
538 4102 637 4156 iuvene
654 4102 816 4172 loquentem
834 4102 922 4157 videri
943 4104 1061 4171 possunt
1083 4102 1128 4157 vix
1151 4103 1265 4170 decere,
1289 4104 1319 4155 et
1339 4102 1417 4156 idem

249 4189 306 4241 fere
329 4203 389 4241 esse
416 4190 500 4256 atque
523 4190 576 4256 οὐχ
604 4188 784 4255 ἁρμόττοντα
807 4193 850 4256 τῷ
873 4188 1074 4254 Πςκιετράτου
1098 4189 1257 4257 coorstum,
1283 4203 1355 4256 quae
1387 4187 1417 4241 in

250 4270 339 4324 altero
357 4271 461 4325 scholio
479 4273 616 4341 leguntur.
