3112 4684
837 300 881 363 80

281 487 393 568 (vendo,
417 485 584 563 πιπράικω
605 485 737 562 opinatur
758 487 872 563 ttpdcrt
897 491 1050 564 componit
1078 506 1147 547 enm
1176 488 1308 564 πρήιωι
1331 491 1452 566 πρῆξις

279 587 421 666 πρηκτήρ
443 597 474 648 et
495 589 526 647 in
548 589 606 647 line
629 588 725 648 addit:
748 590 813 648 ‘mit
835 607 883 648 no.
905 585 970 648 356
999 587 1122 666 (neptim
1144 591 1255 664 drapo
1275 593 1388 666 druell)
1415 594 1453 650 ist

279 688 392 766 περάω
414 687 624 768 urspringlicb
647 689 810 755 identiseb,
834 699 896 749 erst
917 689 1087 749 allmiblieb
1102 691 1259 752 rertbeilte
1281 693 1346 751 sich
1368 693 1453 751 wohl

281 790 404 851 wandel
427 790 487 850 und
510 790 624 850 flandel
646 793 699 851 aul
717 790 929 850 verschiedene
944 791 1074 850 Formen
1095 793 1229 868 gleiebes
1249 793 1452 871 Ursprungs.'

281 891 340 952 Sed
362 911 429 952 cunt
451 893 527 970 apud
550 891 713 952 Homerum
734 893 848 952 nullum
870 895 1001 970 supersit
1023 894 1112 953 buius
1126 897 1296 955 eommunis
1317 897 1451 972 originis

281 995 454 1071 vestigium,
477 1013 514 1054 eo
536 1001 685 1070 tempore,
709 1013 767 1072 quo
789 996 921 1053 carmina
943 995 1101 1055 Homerica
1130 995 1250 1054 condita
1272 1003 1357 1065 sunt,
1387 1015 1450 1056 nou

281 1095 376 1155 solunt
398 1095 447 1156 illa
469 1096 718 1172 significationum
746 1097 895 1171 separatio
922 1097 1054 1171 perlecta
1082 1116 1164 1165 esse,
1192 1097 1245 1157 sed
1274 1099 1363 1157 etiam
1387 1100 1451 1174 pri-

281 1198 374 1257 stinae
395 1197 483 1257 huius
504 1197 722 1256 communionis
737 1199 880 1255 memoria
902 1199 962 1256 iam
984 1197 1036 1257 din
1059 1201 1214 1257 evanuisse
1231 1198 1355 1272 videtur,
1378 1217 1449 1258 nam

280 1316 348 1358 cum
377 1298 453 1376 apud
482 1297 645 1356 Homerum
681 1297 806 1359 verbum
838 1297 988 1373 πρήιεειν
1016 1301 1192 1376 saepissime
1220 1301 1390 1358 inveniatur
1419 1307 1449 1358 et

281 1401 446 1478 permultae
475 1399 640 1458 locutiones
668 1399 704 1457 ad
736 1401 957 1476 navigationem
990 1402 1174 1476 pertineant,
1208 1418 1270 1459 non
1301 1399 1447 1460 credibile

282 1510 342 1570 est,
366 1500 422 1561 hoc
444 1519 503 1560 uno
526 1501 557 1560 in
580 1519 666 1559 versu
688 1503 774 1578 quasi
796 1501 948 1560 residuum
963 1502 1111 1579 quoddam
1126 1504 1342 1562 vetustissimae
1366 1501 1448 1560 illius

282 1605 449 1662 communis
481 1603 708 1678 significationis
739 1611 888 1662 serratum
922 1621 999 1662 esse.
1043 1603 1097 1662 His
1124 1603 1264 1662 omnibus
1291 1605 1449 1679 perpensis

282 1722 341 1763 non
365 1701 554 1772 mirabimur,
577 1703 656 1781 quod
673 1703 806 1762 Rhianus
820 1712 919 1779 spreta
943 1704 1055 1781 vulgari
1070 1705 1198 1764 lectione
1213 1707 1313 1781 posuit
1334 1702 1448 1778 πλήι-

283 1822 410 1885 (οντες,
432 1805 511 1883 quod
535 1805 624 1864 etiam
647 1805 742 1882 magis
764 1805 924 1872 arridebit,
948 1807 974 1864 si
996 1805 1251 1875 consideraveris,
1268 1824 1358 1884 quam
1380 1814 1447 1883 apte

283 1907 394 1967 arduus
416 1907 582 1982 remigandi
605 1905 689 1966 labor
711 1906 899 1982 designetur,
928 1925 988 1984 quo
1014 1925 1089 1983 opus
1112 1916 1191 1975 erat,
1222 1909 1279 1966 nisi
1295 1907 1395 1966 Vlixes
1416 1909 1446 1965 in

283 2025 431 2068 summum
454 2008 615 2068 discrimen
637 2007 745 2068 iterum
768 2007 904 2067 incidere
926 2007 1022 2067 vellet.
1067 2008 1204 2068 Proxime
1226 2010 1307 2068 enim
1329 2017 1446 2068 antece-

283 2110 358 2170 dunt
380 2127 496 2179 versus,
519 2108 630 2188 quibus
651 2108 702 2168 ille
725 2127 757 2168 se
780 2111 879 2168 socios
893 2109 1042 2168 hortatum
1065 2127 1130 2168 esse
1146 2103 1263 2178 uariat,
1287 2119 1319 2169 ut
1334 2113 1447 2169 naviter

284 2220 464 2289 strenueque
492 2211 584 2271 remis
612 2210 835 2281 incumberent,
865 2229 975 2289 eosque
1002 2210 1211 2270 incumbentes
1239 2212 1444 2287 remigavisse':

284 2310 314 2376 οἱ
336 2311 372 2374 δὲ
393 2309 611 2389 προπεεόντε(
638 2309 778 2388 ἕρεειον.
823 2312 873 2372 Sic
900 2311 1033 2372 Rhianea
1061 2312 1231 2372 emendatio
1259 2315 1305 2371 rei
1333 2313 1445 2372 deseri-

285 2414 399 2476 brndae
422 2415 511 2474 etiam
535 2413 602 2492 plus
624 2413 733 2472 coloris
755 2423 784 2473 et
799 2414 877 2472 lucis
899 2411 992 2472 alieri.

233 2513 279 2576 titt
370 2514 503 2576 Similem
526 2515 556 2574 in
579 2533 613 2573 re
636 2514 725 2574 simili
747 2515 819 2574 lecit
840 2513 1077 2574 emendationem
1099 2511 1211 2584 11130,
1235 2515 1287 2574 ubi
1309 2515 1407 2575 Vlixes
1428 2534 1445 2575 a

284 2614 537 2696 Laestrygonibus
563 2632 658 2692 paene
687 2633 847 2694 oppressus
880 2619 978 2677 socios
1011 2617 1170 2694 diligenter
1204 2635 1304 2676 remos
1337 2617 1445 2676 ducere

284 2717 383 2789 iubet,
413 2735 472 2798 quo
500 2717 590 2777 citius
617 2718 756 2778 miseram
790 2727 916 2778 mortem
951 2719 1182 2795 subterfugiant.
1227 2717 1308 2777 Socii
1336 2721 1364 2778 ei
1391 2717 1444 2776 ob·

284 2825 467 2898 temperant:

411 2918 442 2984 ol
464 2919 498 2982 b’
520 2916 595 2998 ἅμα
616 2919 735 2983 πάντες
757 2918 935 2998 ἀνέρριψαν
958 2919 1116 2984 δείιαντει
1138 2916 1285 2997 ὄλεθρον.

286 3023 364 3086 llaec
397 3032 461 3084 erat
488 3022 576 3083 lectio
603 3022 747 3100 vulgaris
782 3041 858 3101 quae
889 3023 978 3082 etiam
1006 3023 1124 3083 codices
1155 3041 1259 3082 omnes
1292 3025 1444 3102 occuparit
1527 3059 1528 3078 ι

279 3135 404 3203 ‘praeter
426 3125 496 3194 DL,
520 3127 570 3204 qui
594 3122 657 3200 ἄρα
678 3123 803 3192 habent,
827 3132 857 3183 et
879 3123 1021 3203 Didymus
1048 3128 1079 3184 in
1102 3143 1157 3186 suo
1185 3125 1345 3202 exemplari
1365 3125 1442 3183 idem

285 3229 370 3306 legit,
395 3237 426 3288 ut
448 3227 545 3286 elucet
569 3245 604 3286 ex
627 3229 692 3287 eius
715 3225 842 3286 scholio:
877 3222 953 3287 οἵδ’
975 3221 1063 3302 ἅμα·
1091 3227 1189 3288 τοῦτο
1217 3225 1275 3303 μὲν
1297 3223 1444 3302 ἐμφαντι-

285 3327 355 3392 κόνῗ
378 3326 458 3391 ἔνιοι
481 3327 516 3390 δὲ
538 3326 718 3406 γράφουειν
754 3323 832 3387 οἵδ’
866 3323 939 3402 ἄρα
969 3324 1127 3389 πάντες.
1162 3324 1387 3403 Καλλίετρατοι
1408 3326 1444 3386 δὲ

285 3429 336 3493 καὶ
357 3427 483 3492 Ῥιανὸι
505 3427 557 3490 διὰ
578 3430 637 3490 τοῦ
659 3428 677 3488 λ
708 3423 786 3490 οἵδ’
813 3424 885 3488 ἅλα
912 3425 1066 3491 πάντες.
1090 3428 1125 3488 Η.
1163 3428 1237 3488 lllud
1261 3426 1340 3510 ἅμα,
1366 3428 1443 3507 quod

285 3539 389 3592 contra
412 3531 561 3590 Rhianum
583 3529 725 3607 Didymus
747 3531 825 3588 tueri
847 3536 970 3589 conatus
993 3521 1052 3599 est,
1076 3549 1142 3590 cum
1159 3531 1357 3607 enophaticunr
1380 3548 1442 3588 esse

286 3633 414 3702 diceret,
443 3633 491 3692 rix
514 3629 594 3692 aliud
617 3620 774 3710 quicquam
798 3631 930 3691 indicare
953 3639 1051 3708 potest
1073 3649 1160 3710 quam
1189 3634 1319 3709 remiges
1341 3629 1440 3692 eodem

287 3741 419 3813 tempore
443 3732 607 3810 eodemque
624 3731 729 3792 ordine
751 3733 842 3792 remis
864 3734 1020 3809 insurgere
1043 3740 1072 3792 et
1091 3751 1195 3792 narem
1218 3733 1370 3811 inpellere,
1392 3731 1440 3790 sed

286 3833 343 3897 linc
366 3833 487 3914 quidem
510 3851 576 3894 cum
599 3850 653 3910 per
677 3851 709 3894 se
731 3833 936 3911 intellegatur,
966 3842 1028 3894 tum
1051 3833 1197 3894 Homerus
1223 3833 1319 3894 sicubi
1349 3831 1442 3893 verbis

286 3937 444 4015 ‹exprimit,
468 3934 644 4014 plerumque
667 3935 723 3995 hac
745 3937 839 3995 ulitur
860 3934 1008 3995 locutione
1031 3933 1102 4010 ἐξῆ(
1124 3932 1162 3997 δ’
1191 3932 1352 4016 ἑζόμενοι,
1373 3942 1404 3996 111
1422 3934 1441 3992 δ

285 4033 357 4103 580.
381 4055 390 4098 ι
416 4033 486 4098 104.
532 4035 635 4116 Neque
658 4052 727 4096 vero
757 4038 863 4096 attinet
884 4036 915 4095 id
943 4035 1001 4095 hoc
1029 4036 1094 4096 loco
1124 4036 1222 4096 verbis
1250 4037 1365 4106 ellerri,
1393 4033 1439 4094 sed

287 4139 433 4202 llomerus
461 4140 533 4199 satis
563 4137 652 4197 habet
679 4155 747 4197 lnce
776 4135 893 4200 aduret
922 4137 1109 4214 designasse,
1145 4146 1267 4197 cunctos
1294 4139 1389 4198 socios
1413 4144 1440 4192 et

287 4241 353 4302 duci
376 4240 455 4299 dicto
479 4239 633 4299 audientes
662 4245 691 4296 et
716 4240 820 4297 mortis
849 4237 1031 4314 effugiendae
1061 4239 1159 4298 studio
1188 4241 1327 4300 incensos
1349 4237 1441 4298 officio
