<?xml version="1.0" encoding="UTF-8"?>
<!DOCTYPE html PUBLIC "-//W3C//DTD XHTML 1.0 Transitional//EN"
    "http://www.w3.org/TR/xhtml1/DTD/xhtml1-transitional.dtd">
<html xmlns="http://www.w3.org/1999/xhtml" xml:lang="en" lang="en">
 <head>
  <title>
</title>
<meta http-equiv="Content-Type" content="text/html;charset=utf-8" />
  <meta name='ocr-system' content='tesseract 3.04.00' />
  <meta name='ocr-capabilities' content='ocr_page ocr_carea ocr_par ocr_line ocrx_word'/>
</head>
<body>
  <div class='ocr_page' id='page_1' title='image "./derhianicretens01mayhgoog_0047.png"; bbox 0 0 3124 4682; ppageno 0'>
   <div class='ocr_carea' id='block_1_1' title="bbox 757 287 908 384">
    <p class='ocr_par' dir='ltr' id='par_1_1' title="bbox 757 287 908 384">
     <span class='ocr_line' id='line_1_1' title="bbox 757 287 908 384; baseline -0.007 0"><span class='ocrx_word' id='word_1_1' title='bbox 757 287 908 384; x_wconf 41' lang='grc' dir='ltr'>..δὲ</span> 
     </span>
    </p>
   </div>
   <div class='ocr_carea' id='block_1_2' title="bbox 249 474 1421 769">
    <p class='ocr_par' dir='ltr' id='par_1_2' title="bbox 249 474 1421 769">
     <span class='ocr_line' id='line_1_2' title="bbox 335 474 1421 560; baseline 0.006 -20"><span class='ocrx_word' id='word_1_2' title='bbox 335 479 433 540; x_wconf 87' lang='lat' dir='ltr'>Schol.</span> <span class='ocrx_word' id='word_1_3' title='bbox 456 485 502 560; x_wconf 82' lang='grc' dir='ltr'>τῷ</span> <span class='ocrx_word' id='word_1_4' title='bbox 525 477 586 542; x_wconf 82' lang='grc' dir='ltr'>ἔνι·</span> <span class='ocrx_word' id='word_1_5' title='bbox 609 481 652 559; x_wconf 87' lang='grc' dir='ltr'>τῇ</span> <span class='ocrx_word' id='word_1_6' title='bbox 675 474 739 558; x_wconf 83' lang='grc' dir='ltr'>ἔνι,</span> <span class='ocrx_word' id='word_1_7' title='bbox 762 475 843 554; x_wconf 73' lang='grc' dir='ltr'>πρὸ(</span> <span class='ocrx_word' id='word_1_8' title='bbox 858 477 916 554; x_wconf 87' lang='grc' dir='ltr'>τὴν</span> <span class='ocrx_word' id='word_1_9' title='bbox 939 474 1062 555; x_wconf 83' lang='grc' dir='ltr'>αἴγλην.</span> <span class='ocrx_word' id='word_1_10' title='bbox 1099 480 1173 540; x_wconf 85' lang='grc' dir='ltr'>ΡΗ.</span> <span class='ocrx_word' id='word_1_11' title='bbox 1198 481 1329 546; x_wconf 86' lang='lat' dir='ltr'>Dubium</span> <span class='ocrx_word' id='word_1_12' title='bbox 1352 503 1421 547; x_wconf 87' lang='lat' dir='ltr'>esse</span> 
     </span>
     <span class='ocr_line' id='line_1_3' title="bbox 249 576 1420 664; baseline 0.003 -20"><span class='ocrx_word' id='word_1_13' title='bbox 249 601 309 644; x_wconf 94' lang='lat' dir='ltr'>non</span> <span class='ocrx_word' id='word_1_14' title='bbox 331 589 446 663; x_wconf 89' lang='lat' dir='ltr'>potest,</span> <span class='ocrx_word' id='word_1_15' title='bbox 471 581 543 657; x_wconf 82' lang='lat' dir='ltr'>quin</span> <span class='ocrx_word' id='word_1_16' title='bbox 566 579 639 640; x_wconf 94' lang='lat' dir='ltr'>illud</span> <span class='ocrx_word' id='word_1_17' title='bbox 661 583 707 661; x_wconf 82' lang='grc' dir='ltr'>τῷ</span> <span class='ocrx_word' id='word_1_18' title='bbox 714 626 723 658; x_wconf 84' lang='grc'>,</span> <span class='ocrx_word' id='word_1_19' title='bbox 751 579 828 658; x_wconf 89' lang='lat' dir='ltr'>quod</span> <span class='ocrx_word' id='word_1_20' title='bbox 858 579 967 640; x_wconf 88' lang='lat' dir='ltr'>autad</span> <span class='ocrx_word' id='word_1_21' title='bbox 990 576 1202 657; x_wconf 74' lang='grc' dir='ltr'>Οὔλυμπόνδ’</span> <span class='ocrx_word' id='word_1_22' title='bbox 1232 583 1268 660; x_wconf 92' lang='lat' dir='ltr'>(v.</span> <span class='ocrx_word' id='word_1_23' title='bbox 1292 582 1346 664; x_wconf 84' lang='lat'>42)</span> <span class='ocrx_word' id='word_1_24' title='bbox 1369 606 1420 647; x_wconf 91' lang='lat' dir='ltr'>re·</span> 
     </span>
     <span class='ocr_line' id='line_1_4' title="bbox 250 680 1420 769; baseline 0.004 -25"><span class='ocrx_word' id='word_1_25' title='bbox 250 686 339 764; x_wconf 90' lang='lat' dir='ltr'>spicit</span> <span class='ocrx_word' id='word_1_26' title='bbox 367 690 419 744; x_wconf 91' lang='lat' dir='ltr'>aut</span> <span class='ocrx_word' id='word_1_27' title='bbox 446 682 545 743; x_wconf 83' lang='lat' dir='ltr'>neutri</span> <span class='ocrx_word' id='word_1_28' title='bbox 577 683 697 759; x_wconf 90' lang='lat' dir='ltr'>generis</span> <span class='ocrx_word' id='word_1_29' title='bbox 731 687 776 740; x_wconf 91' lang='lat' dir='ltr'>est</span> <span class='ocrx_word' id='word_1_30' title='bbox 804 688 834 740; x_wconf 91' lang='lat' dir='ltr'>et</span> <span class='ocrx_word' id='word_1_31' title='bbox 862 680 936 740; x_wconf 90' lang='lat' dir='ltr'>baec</span> <span class='ocrx_word' id='word_1_32' title='bbox 970 683 1084 752; x_wconf 92' lang='lat' dir='ltr'>omnia,</span> <span class='ocrx_word' id='word_1_33' title='bbox 1120 702 1196 762; x_wconf 90' lang='lat' dir='ltr'>quae</span> <span class='ocrx_word' id='word_1_34' title='bbox 1232 688 1264 746; x_wconf 93' lang='lat' dir='ltr'>in</span> <span class='ocrx_word' id='word_1_35' title='bbox 1292 687 1420 769; x_wconf 83' lang='lat' dir='ltr'>Olympo</span> 
     </span>
    </p>
   </div>
   <div class='ocr_carea' id='block_1_3' title="bbox 140 781 1420 1274">
    <p class='ocr_par' dir='ltr' id='par_1_3' title="bbox 227 781 1420 967">
     <span class='ocr_line' id='line_1_5' title="bbox 249 781 1419 866; baseline 0.004 -20"><span class='ocrx_word' id='word_1_36' title='bbox 249 786 401 866; x_wconf 84' lang='lat' dir='ltr'>praeclara</span> <span class='ocrx_word' id='word_1_37' title='bbox 424 790 507 853; x_wconf 94' lang='lat' dir='ltr'>sunt,</span> <span class='ocrx_word' id='word_1_38' title='bbox 532 783 753 862; x_wconf 82' lang='lat' dir='ltr'>complectitur,</span> <span class='ocrx_word' id='word_1_39' title='bbox 782 781 898 842; x_wconf 76' lang='lat' dir='ltr'>libiano</span> <span class='ocrx_word' id='word_1_40' title='bbox 921 790 989 861; x_wconf 92' lang='lat' dir='ltr'>apto</span> <span class='ocrx_word' id='word_1_41' title='bbox 1012 784 1165 844; x_wconf 91' lang='lat' dir='ltr'>intellectu</span> <span class='ocrx_word' id='word_1_42' title='bbox 1195 805 1298 848; x_wconf 88' lang='lat' dir='ltr'>carere</span> <span class='ocrx_word' id='word_1_43' title='bbox 1323 792 1419 851; x_wconf 90' lang='lat' dir='ltr'>visum</span> 
     </span>
     <span class='ocr_line' id='line_1_6' title="bbox 227 871 1420 967; baseline 0.003 -19"><span class='ocrx_word' id='word_1_44' title='bbox 227 890 304 948; x_wconf 84' lang='lat' dir='ltr'>sit:</span> <span class='ocrx_word' id='word_1_45' title='bbox 341 887 458 967; x_wconf 83' lang='lat' dir='ltr'><strong>Olympi</strong></span> <span class='ocrx_word' id='word_1_46' title='bbox 482 886 560 946; x_wconf 83' lang='lat' dir='ltr'>enirn</span> <span class='ocrx_word' id='word_1_47' title='bbox 583 871 783 960; x_wconf 79' lang='lat' dir='ltr'><strong>mentionem,</strong></span> <span class='ocrx_word' id='word_1_48' title='bbox 819 903 894 964; x_wconf 91' lang='lat' dir='ltr'>quae</span> <span class='ocrx_word' id='word_1_49' title='bbox 922 892 1064 965; x_wconf 90' lang='lat' dir='ltr'>quattuor</span> <span class='ocrx_word' id='word_1_50' title='bbox 1086 887 1225 949; x_wconf 90' lang='lat' dir='ltr'>versibus</span> <span class='ocrx_word' id='word_1_51' title='bbox 1248 898 1316 950; x_wconf 91' lang='lat' dir='ltr'>ante</span> <span class='ocrx_word' id='word_1_52' title='bbox 1339 893 1420 953; x_wconf 88' lang='lat' dir='ltr'>lacta</span> 
     </span>
    </p>

    <p class='ocr_par' dir='ltr' id='par_1_4' title="bbox 140 986 1420 1172">
     <span class='ocr_line' id='line_1_7' title="bbox 140 986 1420 1068; baseline 0.005 -19"><span class='ocrx_word' id='word_1_53' title='bbox 140 1019 141 1024; x_wconf 42' lang='lat'>1</span> <span class='ocrx_word' id='word_1_54' title='bbox 250 996 309 1060; x_wconf 92' lang='lat' dir='ltr'>est,</span> <span class='ocrx_word' id='word_1_55' title='bbox 333 991 423 1049; x_wconf 93' lang='lat' dir='ltr'>nimis</span> <span class='ocrx_word' id='word_1_56' title='bbox 445 994 589 1048; x_wconf 91' lang='lat' dir='ltr'>remotam</span> <span class='ocrx_word' id='word_1_57' title='bbox 604 986 741 1065; x_wconf 90' lang='lat' dir='ltr'>putabat,</span> <span class='ocrx_word' id='word_1_58' title='bbox 758 1005 853 1065; x_wconf 72' lang='lat' dir='ltr'>vquarn</span> <span class='ocrx_word' id='word_1_59' title='bbox 878 991 952 1066; x_wconf 88' lang='lat' dir='ltr'>quae</span> <span class='ocrx_word' id='word_1_60' title='bbox 976 987 1109 1066; x_wconf 81' lang='lat' dir='ltr'>intellegi</span> <span class='ocrx_word' id='word_1_61' title='bbox 1125 999 1235 1068; x_wconf 90' lang='lat' dir='ltr'>posset.</span> <span class='ocrx_word' id='word_1_62' title='bbox 1257 991 1420 1055; x_wconf 88' lang='lat' dir='ltr'>Praeterea</span> 
     </span>
     <span class='ocr_line' id='line_1_8' title="bbox 250 1087 1418 1172; baseline 0.005 -22"><span class='ocrx_word' id='word_1_63' title='bbox 250 1109 426 1170; x_wconf 89' lang='lat' dir='ltr'>superorum</span> <span class='ocrx_word' id='word_1_64' title='bbox 449 1091 571 1151; x_wconf 90' lang='lat' dir='ltr'>deorum</span> <span class='ocrx_word' id='word_1_65' title='bbox 601 1089 677 1148; x_wconf 88' lang='lat' dir='ltr'>vitae</span> <span class='ocrx_word' id='word_1_66' title='bbox 707 1087 810 1148; x_wconf 91' lang='lat' dir='ltr'>beatae</span> <span class='ocrx_word' id='word_1_67' title='bbox 839 1094 868 1148; x_wconf 92' lang='lat' dir='ltr'>et</span> <span class='ocrx_word' id='word_1_68' title='bbox 896 1089 1013 1148; x_wconf 91' lang='lat' dir='ltr'>divinae</span> <span class='ocrx_word' id='word_1_69' title='bbox 1045 1092 1192 1152; x_wconf 88' lang='lat' dir='ltr'>maiestati</span> <span class='ocrx_word' id='word_1_70' title='bbox 1220 1097 1316 1172; x_wconf 87' lang='lat' dir='ltr'>magis</span> <span class='ocrx_word' id='word_1_71' title='bbox 1345 1113 1418 1156; x_wconf 92' lang='lat' dir='ltr'>con·</span> 
     </span>
    </p>

    <p class='ocr_par' dir='ltr' id='par_1_5' title="bbox 251 1137 1557 3088">
     <span class='ocr_line' id='line_1_9' title="bbox 251 1191 1419 1274; baseline 0.006 -24"><span class='ocrx_word' id='word_1_72' title='bbox 251 1196 352 1254; x_wconf 92' lang='lat' dir='ltr'>venire</span> <span class='ocrx_word' id='word_1_73' title='bbox 380 1192 476 1252; x_wconf 90' lang='lat' dir='ltr'>videri</span> <span class='ocrx_word' id='word_1_74' title='bbox 503 1197 638 1270; x_wconf 70' lang='lat' dir='ltr'>poterat,</span> <span class='ocrx_word' id='word_1_75' title='bbox 665 1207 732 1250; x_wconf 91' lang='lat' dir='ltr'>cum</span> <span class='ocrx_word' id='word_1_76' title='bbox 762 1191 879 1270; x_wconf 90' lang='lat' dir='ltr'>inipso</span> <span class='ocrx_word' id='word_1_77' title='bbox 909 1209 1016 1254; x_wconf 89' lang='lat' dir='ltr'>sereno</span> <span class='ocrx_word' id='word_1_78' title='bbox 1044 1199 1074 1251; x_wconf 91' lang='lat' dir='ltr'>et</span> <span class='ocrx_word' id='word_1_79' title='bbox 1101 1193 1228 1254; x_wconf 91' lang='lat' dir='ltr'>candido</span> <span class='ocrx_word' id='word_1_80' title='bbox 1257 1195 1419 1274; x_wconf 83' lang='lat' dir='ltr'>splendore</span> 
     </span>
    </p>
   </div>
   <div class='ocr_carea' id='block_1_4' title="bbox 221 1292 1448 4326">
    <p class='ocr_par' dir='ltr' id='par_1_6' title="bbox 250 1292 1419 1677">
     <span class='ocr_line' id='line_1_10' title="bbox 251 1292 1419 1372; baseline 0.004 -18"><span class='ocrx_word' id='word_1_81' title='bbox 251 1297 341 1356; x_wconf 85' lang='lat' dir='ltr'>vitam</span> <span class='ocrx_word' id='word_1_82' title='bbox 365 1294 475 1372; x_wconf 83' lang='lat' dir='ltr'>degere</span> <span class='ocrx_word' id='word_1_83' title='bbox 498 1294 679 1354; x_wconf 85' lang='lat' dir='ltr'>dicerentur.</span> <span class='ocrx_word' id='word_1_84' title='bbox 710 1292 810 1371; x_wconf 90' lang='lat' dir='ltr'>ltaque</span> <span class='ocrx_word' id='word_1_85' title='bbox 833 1293 1009 1352; x_wconf 82' lang='lat' dir='ltr'>femininum</span> <span class='ocrx_word' id='word_1_86' title='bbox 1032 1311 1127 1372; x_wconf 87' lang='lat' dir='ltr'>genus</span> <span class='ocrx_word' id='word_1_87' title='bbox 1149 1314 1185 1354; x_wconf 91' lang='lat' dir='ltr'>eu</span> <span class='ocrx_word' id='word_1_88' title='bbox 1207 1297 1306 1358; x_wconf 88' lang='lat' dir='ltr'>minus</span> <span class='ocrx_word' id='word_1_89' title='bbox 1329 1299 1419 1360; x_wconf 90' lang='lat' dir='ltr'>dubi·</span> 
     </span>
     <span class='ocr_line' id='line_1_11' title="bbox 250 1393 1419 1475; baseline 0.003 -19"><span class='ocrx_word' id='word_1_90' title='bbox 250 1395 333 1456; x_wconf 90' lang='lat' dir='ltr'>tabat</span> <span class='ocrx_word' id='word_1_91' title='bbox 355 1415 410 1475; x_wconf 89' lang='lat' dir='ltr'>pro</span> <span class='ocrx_word' id='word_1_92' title='bbox 434 1395 549 1472; x_wconf 88' lang='lat' dir='ltr'>vulgata</span> <span class='ocrx_word' id='word_1_93' title='bbox 572 1395 719 1473; x_wconf 90' lang='lat' dir='ltr'>scriptura</span> <span class='ocrx_word' id='word_1_94' title='bbox 743 1393 941 1464; x_wconf 87' lang='lat' dir='ltr'>substituere,</span> <span class='ocrx_word' id='word_1_95' title='bbox 970 1414 1030 1474; x_wconf 88' lang='lat' dir='ltr'>quo</span> <span class='ocrx_word' id='word_1_96' title='bbox 1053 1397 1147 1474; x_wconf 89' lang='lat' dir='ltr'>magis</span> <span class='ocrx_word' id='word_1_97' title='bbox 1169 1397 1229 1458; x_wconf 92' lang='lat' dir='ltr'>sibi</span> <span class='ocrx_word' id='word_1_98' title='bbox 1251 1399 1351 1460; x_wconf 89' lang='lat' dir='ltr'>lavere</span> <span class='ocrx_word' id='word_1_99' title='bbox 1375 1402 1419 1460; x_wconf 89' lang='lat' dir='ltr'>vi·</span> 
     </span>
     <span class='ocr_line' id='line_1_12' title="bbox 251 1493 1418 1579; baseline 0.004 -21"><span class='ocrx_word' id='word_1_100' title='bbox 251 1497 341 1579; x_wconf 76' lang='lat' dir='ltr'>debat</span> <span class='ocrx_word' id='word_1_101' title='bbox 364 1504 477 1557; x_wconf 92' lang='lat' dir='ltr'>vetusta</span> <span class='ocrx_word' id='word_1_102' title='bbox 500 1497 644 1556; x_wconf 91' lang='lat' dir='ltr'>elementa</span> <span class='ocrx_word' id='word_1_103' title='bbox 669 1493 749 1575; x_wconf 83' lang='grc' dir='ltr'>ῘΟΙ,</span> <span class='ocrx_word' id='word_1_104' title='bbox 778 1514 853 1574; x_wconf 89' lang='lat' dir='ltr'>quae</span> <span class='ocrx_word' id='word_1_105' title='bbox 883 1498 908 1556; x_wconf 91' lang='grc'>51</span> <span class='ocrx_word' id='word_1_106' title='bbox 937 1514 995 1557; x_wconf 89' lang='lat' dir='ltr'>non</span> <span class='ocrx_word' id='word_1_107' title='bbox 1019 1499 1091 1558; x_wconf 90' lang='lat' dir='ltr'>satis</span> <span class='ocrx_word' id='word_1_108' title='bbox 1112 1501 1270 1578; x_wconf 89' lang='lat' dir='ltr'>perspicue</span> <span class='ocrx_word' id='word_1_109' title='bbox 1299 1508 1418 1564; x_wconf 83' lang='lat' dir='ltr'>exarata</span> 
     </span>
     <span class='ocr_line' id='line_1_13' title="bbox 250 1594 1096 1677; baseline -0.001 -17"><span class='ocrx_word' id='word_1_110' title='bbox 250 1607 300 1660; x_wconf 93' lang='lat' dir='ltr'>aut</span> <span class='ocrx_word' id='word_1_111' title='bbox 322 1599 401 1660; x_wconf 89' lang='lat' dir='ltr'>laesa</span> <span class='ocrx_word' id='word_1_112' title='bbox 424 1605 523 1668; x_wconf 90' lang='lat' dir='ltr'>erant,</span> <span class='ocrx_word' id='word_1_113' title='bbox 547 1597 684 1658; x_wconf 81' lang='lat' dir='ltr'>facillime</span> <span class='ocrx_word' id='word_1_114' title='bbox 707 1615 763 1676; x_wconf 91' lang='lat' dir='ltr'>pro</span> <span class='ocrx_word' id='word_1_115' title='bbox 786 1594 841 1659; x_wconf 85' lang='grc' dir='ltr'>ῘΕΙ</span> <span class='ocrx_word' id='word_1_116' title='bbox 868 1597 927 1675; x_wconf 86' lang='lat' dir='ltr'>legi</span> <span class='ocrx_word' id='word_1_117' title='bbox 948 1605 1096 1677; x_wconf 89' lang='lat' dir='ltr'>poterant.</span> 
     </span>
    </p>

    <p class='ocr_par' dir='ltr' id='par_1_7' title="bbox 221 1689 1421 2490">
     <span class='ocr_line' id='line_1_14' title="bbox 221 1689 1420 1774; baseline 0.011 -20"><span class='ocrx_word' id='word_1_118' title='bbox 221 1689 240 1754; x_wconf 75' lang='grc'><strong>7</strong></span> <span class='ocrx_word' id='word_1_119' title='bbox 336 1701 589 1760; x_wconf 81' lang='lat' dir='ltr'>Massiliensis</span> <span class='ocrx_word' id='word_1_120' title='bbox 618 1699 755 1759; x_wconf 87' lang='lat' dir='ltr'>editionis</span> <span class='ocrx_word' id='word_1_121' title='bbox 783 1701 989 1760; x_wconf 86' lang='lat' dir='ltr'>auctoritatem</span> <span class='ocrx_word' id='word_1_122' title='bbox 1018 1707 1139 1762; x_wconf 89' lang='lat' dir='ltr'>secutus</span> <span class='ocrx_word' id='word_1_123' title='bbox 1160 1709 1205 1762; x_wconf 94' lang='grc'>351</span> <span class='ocrx_word' id='word_1_124' title='bbox 1231 1703 1256 1765; x_wconf 95' lang='grc' dir='ltr'>Α</span> <span class='ocrx_word' id='word_1_125' title='bbox 1278 1701 1335 1774; x_wconf 84' lang='grc'>97,</span> <span class='ocrx_word' id='word_1_126' title='bbox 1365 1707 1420 1768; x_wconf 94' lang='lat' dir='ltr'>ubi</span> 
     </span>
     <span class='ocr_line' id='line_1_15' title="bbox 250 1799 1420 1880; baseline 0.007 -16"><span class='ocrx_word' id='word_1_127' title='bbox 250 1801 385 1864; x_wconf 88' lang='lat' dir='ltr'>scholion</span> <span class='ocrx_word' id='word_1_128' title='bbox 414 1809 458 1861; x_wconf 89' lang='grc'>351</span> <span class='ocrx_word' id='word_1_129' title='bbox 485 1801 558 1861; x_wconf 88' lang='lat' dir='ltr'>hoc:</span> <span class='ocrx_word' id='word_1_130' title='bbox 588 1801 715 1877; x_wconf 84' lang='grc' dir='ltr'>λοιμοῖο</span> <span class='ocrx_word' id='word_1_131' title='bbox 745 1799 871 1880; x_wconf 75' lang='grc' dir='ltr'>βαρεῖαι</span> <span class='ocrx_word' id='word_1_132' title='bbox 900 1803 1008 1878; x_wconf 83' lang='grc' dir='ltr'>χεῖραε</span> <span class='ocrx_word' id='word_1_133' title='bbox 1036 1799 1158 1880; x_wconf 84' lang='grc' dir='ltr'>ἀφέξει·</span> <span class='ocrx_word' id='word_1_134' title='bbox 1192 1803 1420 1872; x_wconf 85' lang='grc' dir='ltr'>Δαναοῖιιν</span> 
     </span>
     <span class='ocr_line' id='line_1_16' title="bbox 250 1899 1420 1983; baseline 0.005 -17"><span class='ocrx_word' id='word_1_135' title='bbox 250 1901 382 1966; x_wconf 88' lang='grc' dir='ltr'>ἀεικέα</span> <span class='ocrx_word' id='word_1_136' title='bbox 404 1902 545 1978; x_wconf 87' lang='grc' dir='ltr'>λοιγὸν</span> <span class='ocrx_word' id='word_1_137' title='bbox 568 1899 728 1965; x_wconf 87' lang='grc' dir='ltr'>ἀπώεει.</span> <span class='ocrx_word' id='word_1_138' title='bbox 753 1899 856 1964; x_wconf 74' lang='grc' dir='ltr'>οὕτω(</span> <span class='ocrx_word' id='word_1_139' title='bbox 884 1901 916 1964; x_wconf 86' lang='grc' dir='ltr'>αἱ</span> <span class='ocrx_word' id='word_1_140' title='bbox 944 1901 1157 1982; x_wconf 86' lang='grc' dir='ltr'>Ἀριετάρχοα.</span> <span class='ocrx_word' id='word_1_141' title='bbox 1185 1906 1277 1983; x_wconf 89' lang='grc' dir='ltr'>καὶὴ</span> <span class='ocrx_word' id='word_1_142' title='bbox 1302 1907 1420 1972; x_wconf 86' lang='grc' dir='ltr'>Μαεει-</span> 
     </span>
     <span class='ocr_line' id='line_1_17' title="bbox 250 2001 1420 2088; baseline 0.003 -20"><span class='ocrx_word' id='word_1_143' title='bbox 250 2004 377 2081; x_wconf 83' lang='grc' dir='ltr'>λιωτικὴ</span> <span class='ocrx_word' id='word_1_144' title='bbox 401 2003 437 2068; x_wconf 80' lang='grc' dir='ltr'>δὲ</span> <span class='ocrx_word' id='word_1_145' title='bbox 459 2003 509 2066; x_wconf 82' lang='grc' dir='ltr'>καὶ</span> <span class='ocrx_word' id='word_1_146' title='bbox 531 2002 550 2080; x_wconf 85' lang='grc' dir='ltr'>ἡ</span> <span class='ocrx_word' id='word_1_147' title='bbox 573 2001 702 2067; x_wconf 85' lang='grc' dir='ltr'>Ῥιανοῦ</span> <span class='ocrx_word' id='word_1_148' title='bbox 730 2003 787 2066; x_wconf 88' lang='grc' dir='ltr'>τὸν</span> <span class='ocrx_word' id='word_1_149' title='bbox 811 2001 910 2067; x_wconf 87' lang='grc' dir='ltr'>αὐτὸν</span> <span class='ocrx_word' id='word_1_150' title='bbox 933 2002 998 2082; x_wconf 84' lang='grc' dir='ltr'>ἔχει</span> <span class='ocrx_word' id='word_1_151' title='bbox 1025 2005 1157 2082; x_wconf 87' lang='grc' dir='ltr'>τρόπον.</span> <span class='ocrx_word' id='word_1_152' title='bbox 1186 2005 1291 2071; x_wconf 81' lang='grc' dir='ltr'>ἔοικεν</span> <span class='ocrx_word' id='word_1_153' title='bbox 1314 2007 1374 2072; x_wconf 83' lang='grc' dir='ltr'>οὖν</span> <span class='ocrx_word' id='word_1_154' title='bbox 1397 2010 1420 2088; x_wconf 87' lang='grc' dir='ltr'>ἡ</span> 
     </span>
     <span class='ocr_line' id='line_1_18' title="bbox 249 2102 1421 2188; baseline 0.005 -19"><span class='ocrx_word' id='word_1_155' title='bbox 249 2104 343 2184; x_wconf 89' lang='grc' dir='ltr'>ἑτέρα</span> <span class='ocrx_word' id='word_1_156' title='bbox 357 2104 546 2183; x_wconf 80' lang='grc' dir='ltr'>Ζηνοδότοα</span> <span class='ocrx_word' id='word_1_157' title='bbox 562 2103 660 2180; x_wconf 79' lang='grc' dir='ltr'>εῖναι,</span> <span class='ocrx_word' id='word_1_158' title='bbox 682 2103 701 2181; x_wconf 87' lang='grc' dir='ltr'>ἡ</span> <span class='ocrx_word' id='word_1_159' title='bbox 719 2102 811 2168; x_wconf 74' lang='grc' dir='ltr'>«οὐδ’</span> <span class='ocrx_word' id='word_1_160' title='bbox 834 2103 904 2181; x_wconf 90' lang='grc' dir='ltr'>ὅγε</span> <span class='ocrx_word' id='word_1_161' title='bbox 927 2104 1002 2184; x_wconf 86' lang='grc' dir='ltr'>πρὶν</span> <span class='ocrx_word' id='word_1_162' title='bbox 1021 2107 1148 2186; x_wconf 84' lang='grc' dir='ltr'>λοιμοῖο</span> <span class='ocrx_word' id='word_1_163' title='bbox 1166 2107 1293 2188; x_wconf 79' lang='grc' dir='ltr'>βαρεῖαι</span> <span class='ocrx_word' id='word_1_164' title='bbox 1308 2113 1421 2188; x_wconf 75' lang='grc' dir='ltr'>χεῖρα(</span> 
     </span>
     <span class='ocr_line' id='line_1_19' title="bbox 250 2205 1419 2290; baseline 0.003 -19"><span class='ocrx_word' id='word_1_165' title='bbox 250 2205 385 2286; x_wconf 83' lang='grc' dir='ltr'>ἀφέξει».</span> <span class='ocrx_word' id='word_1_166' title='bbox 408 2211 441 2268; x_wconf 87' lang='grc' dir='ltr'>Α.</span> <span class='ocrx_word' id='word_1_167' title='bbox 471 2207 534 2268; x_wconf 90' lang='grc' dir='ltr'>Η33</span> <span class='ocrx_word' id='word_1_168' title='bbox 556 2206 621 2268; x_wconf 87' lang='grc'><strong>1333</strong></span> <span class='ocrx_word' id='word_1_169' title='bbox 644 2207 766 2269; x_wconf 86' lang='lat' dir='ltr'>¹Calchas</span> <span class='ocrx_word' id='word_1_170' title='bbox 796 2216 877 2268; x_wconf 91' lang='lat' dir='ltr'>vates</span> <span class='ocrx_word' id='word_1_171' title='bbox 898 2207 1011 2269; x_wconf 82' lang='lat' dir='ltr'>Achille</span> <span class='ocrx_word' id='word_1_172' title='bbox 1033 2218 1156 2272; x_wconf 89' lang='lat' dir='ltr'>auctore</span> <span class='ocrx_word' id='word_1_173' title='bbox 1179 2213 1318 2290; x_wconf 79' lang='lat' dir='ltr'>Apollinis</span> <span class='ocrx_word' id='word_1_174' title='bbox 1340 2216 1419 2274; x_wconf 91' lang='lat' dir='ltr'>iram</span> 
     </span>
     <span class='ocr_line' id='line_1_20' title="bbox 249 2311 1420 2394; baseline 0.006 -24"><span class='ocrx_word' id='word_1_175' title='bbox 249 2318 359 2371; x_wconf 91' lang='lat' dir='ltr'>motam</span> <span class='ocrx_word' id='word_1_176' title='bbox 382 2329 447 2370; x_wconf 90' lang='lat' dir='ltr'>esse</span> <span class='ocrx_word' id='word_1_177' title='bbox 471 2311 543 2372; x_wconf 90' lang='lat' dir='ltr'>dicit</span> <span class='ocrx_word' id='word_1_178' title='bbox 565 2311 794 2388; x_wconf 82' lang='lat' dir='ltr'>Agamemnonis</span> <span class='ocrx_word' id='word_1_179' title='bbox 817 2311 995 2389; x_wconf 87' lang='lat' dir='ltr'>pertinacia,</span> <span class='ocrx_word' id='word_1_180' title='bbox 1019 2330 1077 2391; x_wconf 92' lang='lat' dir='ltr'>qua</span> <span class='ocrx_word' id='word_1_181' title='bbox 1100 2312 1229 2394; x_wconf 84' lang='lat' dir='ltr'>Chrysae</span> <span class='ocrx_word' id='word_1_182' title='bbox 1253 2315 1420 2377; x_wconf 85' lang='lat' dir='ltr'>sacerdotis</span> 
     </span>
     <span class='ocr_line' id='line_1_21' title="bbox 250 2411 884 2490; baseline 0.002 -19"><span class='ocrx_word' id='word_1_183' title='bbox 250 2411 340 2472; x_wconf 84' lang='lat' dir='ltr'>liliam</span> <span class='ocrx_word' id='word_1_184' title='bbox 365 2411 488 2472; x_wconf 88' lang='lat' dir='ltr'>liberari</span> <span class='ocrx_word' id='word_1_185' title='bbox 510 2411 618 2480; x_wconf 89' lang='lat' dir='ltr'>nollet;</span> <span class='ocrx_word' id='word_1_186' title='bbox 641 2411 748 2471; x_wconf 92' lang='lat' dir='ltr'>deinde</span> <span class='ocrx_word' id='word_1_187' title='bbox 771 2411 884 2490; x_wconf 89' lang='lat' dir='ltr'>pergit:</span> 
     </span>
    </p>

    <p class='ocr_par' dir='ltr' id='par_1_8' title="bbox 376 2509 1297 2592">
     <span class='ocr_line' id='line_1_22' title="bbox 376 2509 1297 2592; baseline 0.007 -17"><span class='ocrx_word' id='word_1_188' title='bbox 376 2510 507 2576; x_wconf 87' lang='grc' dir='ltr'>τοῦνεκ’</span> <span class='ocrx_word' id='word_1_189' title='bbox 529 2509 585 2589; x_wconf 81' lang='grc' dir='ltr'>ἀρ’</span> <span class='ocrx_word' id='word_1_190' title='bbox 607 2509 701 2586; x_wconf 85' lang='grc' dir='ltr'>ἄλγε’</span> <span class='ocrx_word' id='word_1_191' title='bbox 724 2509 845 2576; x_wconf 81' lang='grc' dir='ltr'>ἔδωκεν</span> <span class='ocrx_word' id='word_1_192' title='bbox 868 2509 1021 2592; x_wconf 76' lang='grc' dir='ltr'>ἑκηβόλα(</span> <span class='ocrx_word' id='word_1_193' title='bbox 1043 2511 1099 2590; x_wconf 79' lang='grc' dir='ltr'>ἠδ’</span> <span class='ocrx_word' id='word_1_194' title='bbox 1122 2514 1168 2580; x_wconf 83' lang='grc' dir='ltr'>ἔτι</span> <span class='ocrx_word' id='word_1_195' title='bbox 1191 2515 1297 2580; x_wconf 81' lang='grc' dir='ltr'>δώιει·</span> 
     </span>
    </p>

    <p class='ocr_par' dir='ltr' id='par_1_9' title="bbox 293 2605 1230 2698">
     <span class='ocr_line' id='line_1_23' title="bbox 293 2605 1230 2698; baseline 0.006 -24"><span class='ocrx_word' id='word_1_196' title='bbox 293 2611 332 2674; x_wconf 83' lang='grc'>91</span> <span class='ocrx_word' id='word_1_197' title='bbox 377 2611 454 2676; x_wconf 82' lang='grc' dir='ltr'>οὐδ’</span> <span class='ocrx_word' id='word_1_198' title='bbox 477 2610 555 2688; x_wconf 85' lang='grc' dir='ltr'>ὅγε</span> <span class='ocrx_word' id='word_1_199' title='bbox 578 2613 652 2690; x_wconf 86' lang='grc' dir='ltr'>πρὶν</span> <span class='ocrx_word' id='word_1_200' title='bbox 675 2605 801 2691; x_wconf 82' lang='grc' dir='ltr'>λοιμοῖο</span> <span class='ocrx_word' id='word_1_201' title='bbox 825 2611 951 2693; x_wconf 83' lang='grc' dir='ltr'>βαρείαε</span> <span class='ocrx_word' id='word_1_202' title='bbox 973 2618 1090 2698; x_wconf 33' lang='grc' dir='ltr'>χεῖρα(-</span> <span class='ocrx_word' id='word_1_203' title='bbox 1105 2615 1230 2696; x_wconf 84' lang='grc' dir='ltr'>ἀφέξει,</span> 
     </span>
    </p>

    <p class='ocr_par' dir='ltr' id='par_1_10' title="bbox 248 2714 1448 4224">
     <span class='ocr_line' id='line_1_24' title="bbox 378 2714 1448 2799; baseline 0.007 -22"><span class='ocrx_word' id='word_1_204' title='bbox 378 2714 452 2792; x_wconf 89' lang='grc' dir='ltr'>πρίν</span> <span class='ocrx_word' id='word_1_205' title='bbox 473 2715 508 2790; x_wconf 84' lang='grc' dir='ltr'>γ’</span> <span class='ocrx_word' id='word_1_206' title='bbox 531 2715 596 2778; x_wconf 89' lang='grc' dir='ltr'>ἀπὸ</span> <span class='ocrx_word' id='word_1_207' title='bbox 620 2714 715 2793; x_wconf 87' lang='grc' dir='ltr'>πατρὶ</span> <span class='ocrx_word' id='word_1_208' title='bbox 736 2715 823 2797; x_wconf 86' lang='grc' dir='ltr'>φίλῳ</span> <span class='ocrx_word' id='word_1_209' title='bbox 846 2714 980 2795; x_wconf 84' lang='grc' dir='ltr'>δόμεναι</span> <span class='ocrx_word' id='word_1_210' title='bbox 1002 2715 1174 2782; x_wconf 79' lang='grc' dir='ltr'>ἑλικώπιδα</span> <span class='ocrx_word' id='word_1_211' title='bbox 1196 2721 1316 2799; x_wconf 85' lang='grc' dir='ltr'>κούρην</span> <span class='ocrx_word' id='word_1_212' title='bbox 1333 2731 1388 2785; x_wconf 89' lang='grc'><strong>331.</strong></span> <span class='ocrx_word' id='word_1_213' title='bbox 1444 2759 1448 2766; x_wconf 91' lang='lat'><strong>·</strong></span> 
     </span>
     <span class='ocr_line' id='line_1_25' title="bbox 250 2816 1419 2900; baseline 0.006 -22"><span class='ocrx_word' id='word_1_214' title='bbox 250 2818 299 2878; x_wconf 90' lang='lat' dir='ltr'>Sic</span> <span class='ocrx_word' id='word_1_215' title='bbox 326 2817 478 2895; x_wconf 75' lang='lat' dir='ltr'>plurimiS,</span> <span class='ocrx_word' id='word_1_216' title='bbox 508 2817 616 2898; x_wconf 87' lang='lat' dir='ltr'>quibus</span> <span class='ocrx_word' id='word_1_217' title='bbox 646 2816 714 2877; x_wconf 89' lang='lat' dir='ltr'>olim</span> <span class='ocrx_word' id='word_1_218' title='bbox 744 2817 916 2887; x_wconf 91' lang='lat' dir='ltr'>utebamur,</span> <span class='ocrx_word' id='word_1_219' title='bbox 952 2819 1130 2896; x_wconf 84' lang='lat' dir='ltr'>editionibus</span> <span class='ocrx_word' id='word_1_220' title='bbox 1159 2819 1419 2900; x_wconf 68' lang='lat' dir='ltr'>vulgatum&#39;erat;</span> 
     </span>
     <span class='ocr_line' id='line_1_26' title="bbox 251 2919 1420 3004; baseline 0.008 -26"><span class='ocrx_word' id='word_1_221' title='bbox 251 2919 317 2979; x_wconf 91' lang='lat' dir='ltr'>aliis</span> <span class='ocrx_word' id='word_1_222' title='bbox 340 2919 507 2980; x_wconf 89' lang='lat' dir='ltr'>editoribus</span> <span class='ocrx_word' id='word_1_223' title='bbox 531 2919 696 2980; x_wconf 80' lang='lat' dir='ltr'>Marklandi</span> <span class='ocrx_word' id='word_1_224' title='bbox 726 2921 801 2981; x_wconf 90' lang='lat' dir='ltr'>ratio</span> <span class='ocrx_word' id='word_1_225' title='bbox 833 2921 927 2998; x_wconf 89' lang='lat' dir='ltr'>magis</span> <span class='ocrx_word' id='word_1_226' title='bbox 954 2921 1079 3000; x_wconf 89' lang='lat' dir='ltr'>placuit,</span> <span class='ocrx_word' id='word_1_227' title='bbox 1110 2923 1160 3002; x_wconf 91' lang='lat' dir='ltr'>qui</span> <span class='ocrx_word' id='word_1_228' title='bbox 1182 2924 1305 3004; x_wconf 89' lang='lat' dir='ltr'>insuper</span> <span class='ocrx_word' id='word_1_229' title='bbox 1328 2927 1420 2987; x_wconf 89' lang='lat' dir='ltr'>etiarn</span> 
     </span>
     <span class='ocr_line' id='line_1_27' title="bbox 251 3020 1420 3110; baseline 0.008 -30"><span class='ocrx_word' id='word_1_230' title='bbox 251 3021 425 3082; x_wconf 84' lang='lat' dir='ltr'>conicienda</span> <span class='ocrx_word' id='word_1_231' title='bbox 444 3020 546 3098; x_wconf 73' lang='grc' dir='ltr'>Κῆρα(</span> <span class='ocrx_word' id='word_1_232' title='bbox 568 3041 623 3102; x_wconf 89' lang='lat' dir='ltr'>pro</span> <span class='ocrx_word' id='word_1_233' title='bbox 647 3023 756 3100; x_wconf 75' lang='grc' dir='ltr'>χεῖρα(</span> <span class='ocrx_word' id='word_1_234' title='bbox 779 3025 923 3083; x_wconf 90' lang='lat' dir='ltr'>maiorem</span> <span class='ocrx_word' id='word_1_235' title='bbox 946 3025 1073 3100; x_wconf 87' lang='lat' dir='ltr'>gratiam</span> <span class='ocrx_word' id='word_1_236' title='bbox 1094 3025 1216 3110; x_wconf 88' lang='lat' dir='ltr'>lectioni</span> <span class='ocrx_word' id='word_1_237' title='bbox 1232 3027 1420 3092; x_wconf 86' lang='lat' dir='ltr'>Zenodoteae</span> 
     </span>
     <span class='ocr_line' id='line_1_28' title="bbox 251 3121 1419 3196; baseline 0.008 -14"><span class='ocrx_word' id='word_1_238' title='bbox 251 3123 410 3184; x_wconf 87' lang='lat' dir='ltr'>conciliare</span> <span class='ocrx_word' id='word_1_239' title='bbox 450 3125 615 3186; x_wconf 88' lang='lat' dir='ltr'>studuerat.</span> <span class='ocrx_word' id='word_1_240' title='bbox 672 3124 842 3185; x_wconf 89' lang='lat' dir='ltr'>Zenodotus</span> <span class='ocrx_word' id='word_1_241' title='bbox 882 3133 997 3196; x_wconf 90' lang='lat' dir='ltr'>autem,</span> <span class='ocrx_word' id='word_1_242' title='bbox 1035 3134 1068 3186; x_wconf 91' lang='lat' dir='ltr'>ut</span> <span class='ocrx_word' id='word_1_243' title='bbox 1106 3121 1274 3188; x_wconf 80' lang='lat' dir='ltr'>Duentz&#39;ero</span> <span class='ocrx_word' id='word_1_244' title='bbox 1307 3129 1419 3191; x_wconf 88' lang='lat' dir='ltr'>Zenod.</span> 
     </span>
     <span class='ocr_line' id='line_1_29' title="bbox 250 3221 1420 3309; baseline 0.005 -23"><span class='ocrx_word' id='word_1_245' title='bbox 250 3245 278 3305; x_wconf 91' lang='lat' dir='ltr'>p.</span> <span class='ocrx_word' id='word_1_246' title='bbox 305 3221 364 3286; x_wconf 85' lang='lat'>143</span> <span class='ocrx_word' id='word_1_247' title='bbox 395 3227 528 3297; x_wconf 90' lang='lat' dir='ltr'>videtur,</span> <span class='ocrx_word' id='word_1_248' title='bbox 558 3235 588 3287; x_wconf 87' lang='lat' dir='ltr'>et</span> <span class='ocrx_word' id='word_1_249' title='bbox 616 3231 646 3287; x_wconf 95' lang='lat' dir='ltr'>in</span> <span class='ocrx_word' id='word_1_250' title='bbox 671 3227 889 3304; x_wconf 87' lang='lat' dir='ltr'>significatione</span> <span class='ocrx_word' id='word_1_251' title='bbox 918 3227 1002 3288; x_wconf 89' lang='lat' dir='ltr'>verbi</span> <span class='ocrx_word' id='word_1_252' title='bbox 1025 3225 1185 3304; x_wconf 85' lang='grc' dir='ltr'>ἀπωθεῖν,</span> <span class='ocrx_word' id='word_1_253' title='bbox 1214 3248 1290 3309; x_wconf 88' lang='lat' dir='ltr'>quae</span> <span class='ocrx_word' id='word_1_254' title='bbox 1321 3239 1420 3292; x_wconf 89' lang='lat' dir='ltr'>tamen</span> 
     </span>
     <span class='ocr_line' id='line_1_30' title="bbox 251 3325 1421 3408; baseline 0.008 -21"><span class='ocrx_word' id='word_1_255' title='bbox 251 3328 321 3388; x_wconf 89' lang='lat' dir='ltr'>satis</span> <span class='ocrx_word' id='word_1_256' title='bbox 336 3329 468 3388; x_wconf 93' lang='lat' dir='ltr'>munitur</span> <span class='ocrx_word' id='word_1_257' title='bbox 484 3329 620 3390; x_wconf 90' lang='lat' dir='ltr'>versibus</span> <span class='ocrx_word' id='word_1_258' title='bbox 635 3327 661 3391; x_wconf 89' lang='grc' dir='ltr'>Θ</span> <span class='ocrx_word' id='word_1_259' title='bbox 678 3325 719 3390; x_wconf 87' lang='grc'>96</span> <span class='ocrx_word' id='word_1_260' title='bbox 735 3326 906 3406; x_wconf 74' lang='grc' dir='ltr'>ἀπώέομεν</span> <span class='ocrx_word' id='word_1_261' title='bbox 923 3327 1036 3407; x_wconf 86' lang='grc' dir='ltr'>ἄγριον</span> <span class='ocrx_word' id='word_1_262' title='bbox 1052 3327 1156 3408; x_wconf 82' lang='grc' dir='ltr'>ἄνδρα</span> <span class='ocrx_word' id='word_1_263' title='bbox 1171 3329 1238 3392; x_wconf 90' lang='grc'>310</span> <span class='ocrx_word' id='word_1_264' title='bbox 1253 3328 1315 3393; x_wconf 88' lang='lat'>503</span> <span class='ocrx_word' id='word_1_265' title='bbox 1332 3329 1421 3396; x_wconf 87' lang='grc' dir='ltr'>ἀπώ-</span> 
     </span>
     <span class='ocr_line' id='line_1_31' title="bbox 250 3423 1418 3512; baseline 0.003 -20"><span class='ocrx_word' id='word_1_266' title='bbox 250 3431 358 3492; x_wconf 72' lang='lat' dir='ltr'>cutem</span> <span class='ocrx_word' id='word_1_267' title='bbox 392 3428 472 3492; x_wconf 92' lang='grc' dir='ltr'>κακὰ</span> <span class='ocrx_word' id='word_1_268' title='bbox 499 3431 606 3507; x_wconf 79' lang='grc' dir='ltr'>νηιῖιν,</span> <span class='ocrx_word' id='word_1_269' title='bbox 642 3439 673 3491; x_wconf 89' lang='grc'>31</span> <span class='ocrx_word' id='word_1_270' title='bbox 694 3423 731 3491; x_wconf 88' lang='grc' dir='ltr'>Ι13</span> <span class='ocrx_word' id='word_1_271' title='bbox 754 3429 960 3512; x_wconf 84' lang='grc' dir='ltr'>κακοφωνῖᾳ,</span> <span class='ocrx_word' id='word_1_272' title='bbox 994 3449 1069 3509; x_wconf 89' lang='lat' dir='ltr'>quae</span> <span class='ocrx_word' id='word_1_273' title='bbox 1104 3433 1238 3494; x_wconf 89' lang='lat' dir='ltr'>versibus</span> <span class='ocrx_word' id='word_1_274' title='bbox 1261 3430 1302 3494; x_wconf 89' lang='grc'>96</span> <span class='ocrx_word' id='word_1_275' title='bbox 1325 3443 1354 3494; x_wconf 89' lang='grc'>31</span> <span class='ocrx_word' id='word_1_276' title='bbox 1377 3433 1418 3496; x_wconf 84' lang='grc'>97</span> 
     </span>
     <span class='ocr_line' id='line_1_32' title="bbox 250 3527 1420 3616; baseline 0.007 -26"><span class='ocrx_word' id='word_1_277' title='bbox 250 3529 389 3590; x_wconf 90' lang='lat' dir='ltr'>similiter</span> <span class='ocrx_word' id='word_1_278' title='bbox 413 3527 572 3608; x_wconf 79' lang='grc' dir='ltr'>(δώεει-</span> <span class='ocrx_word' id='word_1_279' title='bbox 587 3529 717 3612; x_wconf 82' lang='grc' dir='ltr'>ἀπώεει)</span> <span class='ocrx_word' id='word_1_280' title='bbox 748 3533 927 3594; x_wconf 86' lang='lat' dir='ltr'>exeuntibus</span> <span class='ocrx_word' id='word_1_281' title='bbox 955 3536 1139 3604; x_wconf 77' lang='lat' dir='ltr'>efficeretur,</span> <span class='ocrx_word' id='word_1_282' title='bbox 1170 3535 1267 3596; x_wconf 86' lang='lat' dir='ltr'>haesit</span> <span class='ocrx_word' id='word_1_283' title='bbox 1288 3535 1420 3616; x_wconf 90' lang='lat' dir='ltr'>ideoque</span> 
     </span>
     <span class='ocr_line' id='line_1_33' title="bbox 249 3632 1419 3713; baseline 0.008 -22"><span class='ocrx_word' id='word_1_284' title='bbox 249 3633 328 3692; x_wconf 91' lang='lat' dir='ltr'>hunc</span> <span class='ocrx_word' id='word_1_285' title='bbox 358 3650 475 3692; x_wconf 89' lang='lat' dir='ltr'>versum</span> <span class='ocrx_word' id='word_1_286' title='bbox 504 3634 651 3713; x_wconf 87' lang='lat' dir='ltr'>peculiari</span> <span class='ocrx_word' id='word_1_287' title='bbox 680 3641 787 3696; x_wconf 92' lang='lat' dir='ltr'>conatu</span> <span class='ocrx_word' id='word_1_288' title='bbox 816 3635 892 3696; x_wconf 92' lang='lat' dir='ltr'>male</span> <span class='ocrx_word' id='word_1_289' title='bbox 921 3637 1090 3698; x_wconf 89' lang='lat' dir='ltr'>emendavit</span> <span class='ocrx_word' id='word_1_290' title='bbox 1120 3655 1156 3696; x_wconf 87' lang='lat' dir='ltr'>ex</span> <span class='ocrx_word' id='word_1_291' title='bbox 1184 3632 1297 3698; x_wconf 82' lang='grc' dir='ltr'><strong>Φ548</strong></span> <span class='ocrx_word' id='word_1_292' title='bbox 1320 3635 1419 3700; x_wconf 87' lang='grc' dir='ltr'>θανά-</span> 
     </span>
     <span class='ocr_line' id='line_1_34' title="bbox 249 3731 1419 3812; baseline 0.004 -17"><span class='ocrx_word' id='word_1_293' title='bbox 249 3743 320 3796; x_wconf 75' lang='grc' dir='ltr'>τοιο</span> <span class='ocrx_word' id='word_1_294' title='bbox 349 3731 476 3812; x_wconf 85' lang='grc' dir='ltr'>βαρείαε</span> <span class='ocrx_word' id='word_1_295' title='bbox 501 3736 610 3812; x_wconf 87' lang='grc' dir='ltr'>χεῖραε</span> <span class='ocrx_word' id='word_1_296' title='bbox 638 3733 788 3812; x_wconf 83' lang='grc' dir='ltr'>ἀλάλκοι,</span> <span class='ocrx_word' id='word_1_297' title='bbox 817 3737 896 3798; x_wconf 89' lang='lat' dir='ltr'>unde</span> <span class='ocrx_word' id='word_1_298' title='bbox 926 3737 1049 3798; x_wconf 88' lang='lat' dir='ltr'>verbum</span> <span class='ocrx_word' id='word_1_299' title='bbox 1079 3736 1230 3802; x_wconf 90' lang='grc' dir='ltr'>ἀλαλκεῖν</span> <span class='ocrx_word' id='word_1_300' title='bbox 1260 3739 1419 3800; x_wconf 87' lang='lat' dir='ltr'>desumere</span> 
     </span>
     <span class='ocr_line' id='line_1_35' title="bbox 250 3838 1421 3921; baseline 0.006 -25"><span class='ocrx_word' id='word_1_301' title='bbox 250 3854 309 3896; x_wconf 95' lang='lat' dir='ltr'>non</span> <span class='ocrx_word' id='word_1_302' title='bbox 332 3843 466 3914; x_wconf 88' lang='lat' dir='ltr'>poterat,</span> <span class='ocrx_word' id='word_1_303' title='bbox 498 3840 567 3916; x_wconf 88' lang='lat' dir='ltr'>quia</span> <span class='ocrx_word' id='word_1_304' title='bbox 590 3838 740 3898; x_wconf 90' lang='lat' dir='ltr'>hocloco</span> <span class='ocrx_word' id='word_1_305' title='bbox 769 3840 870 3900; x_wconf 87' lang='lat' dir='ltr'>tuturo</span> <span class='ocrx_word' id='word_1_306' title='bbox 898 3847 1033 3919; x_wconf 91' lang='lat' dir='ltr'>tempore</span> <span class='ocrx_word' id='word_1_307' title='bbox 1061 3859 1136 3921; x_wconf 89' lang='lat' dir='ltr'>opus</span> <span class='ocrx_word' id='word_1_308' title='bbox 1166 3848 1240 3901; x_wconf 91' lang='grc'><strong>3131.</strong></span> <span class='ocrx_word' id='word_1_309' title='bbox 1284 3839 1421 3903; x_wconf 87' lang='grc'><strong>1111131135</strong></span> 
     </span>
     <span class='ocr_line' id='line_1_36' title="bbox 250 3937 1421 4022; baseline 0.004 -24"><span class='ocrx_word' id='word_1_310' title='bbox 250 3943 349 3998; x_wconf 88' lang='lat' dir='ltr'>autem</span> <span class='ocrx_word' id='word_1_311' title='bbox 372 3937 516 3999; x_wconf 92' lang='lat' dir='ltr'>Zenodoti</span> <span class='ocrx_word' id='word_1_312' title='bbox 538 3941 712 4000; x_wconf 90' lang='lat' dir='ltr'>auctoritate</span> <span class='ocrx_word' id='word_1_313' title='bbox 730 3937 800 4002; x_wconf 60' lang='lat' dir='ltr'>&#39;non</span> <span class='ocrx_word' id='word_1_314' title='bbox 828 3941 991 4020; x_wconf 90' lang='lat' dir='ltr'>impeditus</span> <span class='ocrx_word' id='word_1_315' title='bbox 1014 3949 1074 4012; x_wconf 91' lang='lat' dir='ltr'>est,</span> <span class='ocrx_word' id='word_1_316' title='bbox 1105 3945 1176 4022; x_wconf 89' lang='lat' dir='ltr'>quin</span> <span class='ocrx_word' id='word_1_317' title='bbox 1205 3944 1364 4020; x_wconf 91' lang='lat' dir='ltr'>genuinam</span> <span class='ocrx_word' id='word_1_318' title='bbox 1389 3951 1421 4004; x_wconf 89' lang='lat' dir='ltr'>et</span> 
     </span>
     <span class='ocr_line' id='line_1_37' title="bbox 248 4040 1418 4116; baseline 0.005 -16"><span class='ocrx_word' id='word_1_319' title='bbox 248 4045 394 4100; x_wconf 90' lang='lat' dir='ltr'>vetustam</span> <span class='ocrx_word' id='word_1_320' title='bbox 419 4040 613 4102; x_wconf 82' lang='lat' dir='ltr'>Massiliensis</span> <span class='ocrx_word' id='word_1_321' title='bbox 636 4042 778 4102; x_wconf 90' lang='lat' dir='ltr'>editionis</span> <span class='ocrx_word' id='word_1_322' title='bbox 793 4042 951 4103; x_wconf 90' lang='lat' dir='ltr'>lectionem</span> <span class='ocrx_word' id='word_1_323' title='bbox 968 4045 1100 4104; x_wconf 80' lang='lat' dir='ltr'>insuunt</span> <span class='ocrx_word' id='word_1_324' title='bbox 1117 4044 1214 4105; x_wconf 86' lang='lat' dir='ltr'>locum</span> <span class='ocrx_word' id='word_1_325' title='bbox 1230 4045 1418 4116; x_wconf 86' lang='lat' dir='ltr'>restitueret,</span> 
     </span>
     <span class='ocr_line' id='line_1_38' title="bbox 250 4143 1421 4224; baseline 0.005 -23"><span class='ocrx_word' id='word_1_326' title='bbox 250 4161 325 4222; x_wconf 88' lang='lat' dir='ltr'>quae</span> <span class='ocrx_word' id='word_1_327' title='bbox 349 4161 449 4222; x_wconf 90' lang='lat' dir='ltr'>neque</span> <span class='ocrx_word' id='word_1_328' title='bbox 466 4163 520 4224; x_wconf 89' lang='lat' dir='ltr'>per</span> <span class='ocrx_word' id='word_1_329' title='bbox 541 4163 572 4204; x_wconf 92' lang='lat' dir='ltr'>se</span> <span class='ocrx_word' id='word_1_330' title='bbox 596 4144 752 4224; x_wconf 86' lang='lat' dir='ltr'>quicquam</span> <span class='ocrx_word' id='word_1_331' title='bbox 775 4143 866 4205; x_wconf 92' lang='lat' dir='ltr'>habet</span> <span class='ocrx_word' id='word_1_332' title='bbox 882 4163 939 4223; x_wconf 83' lang='grc' dir='ltr'>κμιο</span> <span class='ocrx_word' id='word_1_333' title='bbox 957 4148 1022 4205; x_wconf 91' lang='grc'><strong>1313</strong></span> <span class='ocrx_word' id='word_1_334' title='bbox 1039 4145 1207 4216; x_wconf 79' lang='grc'><strong>3113313115,</strong></span> <span class='ocrx_word' id='word_1_335' title='bbox 1232 4153 1262 4205; x_wconf 90' lang='lat' dir='ltr'>et</span> <span class='ocrx_word' id='word_1_336' title='bbox 1276 4164 1364 4206; x_wconf 91' lang='lat' dir='ltr'>versu</span> <span class='ocrx_word' id='word_1_337' title='bbox 1382 4149 1421 4207; x_wconf 92' lang='lat' dir='ltr'>si-</span> 
     </span>
    </p>

    <p class='ocr_par' dir='ltr' id='par_1_11' title="bbox 223 4241 1418 4326">
     <span class='ocr_line' id='line_1_39' title="bbox 223 4241 1418 4326; baseline 0.008 -25"><span class='ocrx_word' id='word_1_338' title='bbox 223 4241 670 4324; x_wconf 41' lang='grc' dir='ltr'><strong>,131111133Α456ἤδηνῦν</strong></span> <span class='ocrx_word' id='word_1_339' title='bbox 696 4244 874 4312; x_wconf 82' lang='grc' dir='ltr'>Δαναοῖειν</span> <span class='ocrx_word' id='word_1_340' title='bbox 905 4243 1011 4311; x_wconf 90' lang='grc' dir='ltr'>ἀεικέα</span> <span class='ocrx_word' id='word_1_341' title='bbox 1040 4246 1153 4323; x_wconf 87' lang='grc' dir='ltr'>λοιγὸν</span> <span class='ocrx_word' id='word_1_342' title='bbox 1182 4244 1307 4326; x_wconf 85' lang='grc' dir='ltr'>ἄμυνον</span> <span class='ocrx_word' id='word_1_343' title='bbox 1338 4247 1418 4310; x_wconf 89' lang='lat' dir='ltr'>haud</span> 
     </span>
    </p>
   </div>
   <div class='ocr_carea' id='block_1_5' title="bbox 0 0 1566 4682">
    <p class='ocr_par' dir='ltr' id='par_1_12' title="bbox 0 0 1566 4682">
     <span class='ocr_line' id='line_1_40' title="bbox 0 0 1566 4682; baseline 0 0"><span class='ocrx_word' id='word_1_344' title='bbox 0 0 1566 4682; x_wconf 95' lang='lat' dir='ltr'> </span> 
     </span>
    </p>
   </div>
  </div>
 </body>
</html>
