3124 4682
772 303 923 401 Q

266 491 429 571 eademque
452 492 541 552 lectio
563 494 595 552 in
624 491 737 552 scholio
759 492 786 552 H
809 493 923 552 lihiano
945 493 1114 564 trihuatur;
1143 493 1199 554 hoc
1223 501 1322 556 autem
1346 497 1434 556 scho-

265 593 326 654 lion
349 593 459 653 codicis
481 593 507 653 H
529 594 656 654 sortasse
679 594 845 653 mutilatum
869 602 913 654 est
937 602 967 654 et
989 595 1143 655 intercidit
1159 598 1270 656 mentio
1293 598 1432 669 aliorum,

265 697 316 774 qui
346 693 484 758 ἀέκοντα
515 702 773 774 praeoptaverunt.
820 695 922 774 ltaque
956 695 1071 756 Rhiano
1105 696 1232 756 debetur
1264 697 1353 759 lectio
1382 699 1434 758 illa

265 797 433 874 aptissima,
467 814 556 875 quam
585 795 666 856 nullo
695 795 918 856 contradicente
946 799 1025 857 tueri
1057 804 1087 858 et
1114 799 1322 859 commendare
1352 818 1435 860 nunc

266 897 463 976 supersedere
486 916 618 977 possum.

216 993 259 1058 26
350 995 447 1072 γ24,
476 999 529 1060 uhi
551 999 682 1059 Minerva
711 997 921 1059 Telemachum
950 1009 1131 1070 commonet,
1162 1008 1194 1060 ut
1221 1007 1376 1062 strennum
1400 1021 1434 1062 se

267 1105 399 1178 [rraestet
421 1109 452 1160 et
474 1101 659 1162 confidenter
681 1100 717 1161 ad
741 1100 898 1161 Nestorem
921 1102 1055 1172 accedat,
1077 1099 1126 1161 ille
1143 1120 1210 1161 cum
1232 1102 1354 1162 iuvenili
1377 1121 1432 1181 pu·

265 1201 336 1261 dore
360 1221 391 1262 se
415 1203 608 1263 inlacundum
631 1220 696 1262 esse
719 1203 760 1263 ait
783 1220 838 1261 nec
861 1204 953 1272 scire,
978 1203 1139 1282 quomodo
1162 1221 1263 1263 senem
1287 1221 1433 1263 veneran-

266 1303 336 1363 dum
359 1303 549 1382 adloquatur:

392 1401 490 1466 αίόὼε
513 1403 547 1467 δ’
570 1401 611 1466 αὖ
633 1402 711 1467 νέον
734 1401 837 1481 ἄνδρα
858 1403 1044 1482 γεραίτερον
1067 1403 1250 1482 έξερέεεθαι.

266 1505 364 1566 Schol.
388 1503 485 1568 αἰόὼτ
507 1503 541 1566 δ’
562 1502 603 1567 αὖ
626 1503 702 1585 νέῳ
725 1503 854 1582 ἀνδρί·
884 1503 971 1568 οὕτω
994 1505 1172 1584 γράφοντιν
1197 1504 1227 1569 οἱ
1249 1505 1330 1569 κατὰ
1350 1504 1433 1569 Ῥια-

265 1591 439 1670 versun.
483 1606 542 1666 Pro
565 1603 603 1668 οἱ
624 1607 717 1667 lllaur.
741 1607 925 1668 Schmidtius
947 1608 1013 1668 Did.
1043 1627 1071 1686 p.
1098 1604 1158 1668 189
1186 1605 1224 1669 αἱ
1246 1606 1364 1676 maluit,
1394 1609 1432 1668 de

179 1727 183 1736 ’
265 1727 323 1788 qua
345 1708 494 1768 locutione
517 1709 582 1769 vide
604 1728 633 1787 p.
657 1705 712 1779 23,
738 1709 789 1768 sed
805 1709 883 1770 haud
906 1712 968 1769 scio
990 1729 1027 1771 an
1050 1705 1175 1772 οἱκατὰ
1196 1707 1323 1772 Ῥιανόν
1339 1711 1432 1786 signi-

265 1811 355 1870 ficare
377 1812 471 1888 possit
493 1809 658 1870 Rhianeam
681 1807 840 1870 lectionem
863 1809 900 1872 ab
923 1811 991 1872 aliis
1013 1829 1130 1890 quoquc
1153 1813 1356 1889 grammaticis
1379 1829 1431 1889 ap·

265 1910 420 1990 probatam
444 1930 524 1981 csse,
549 1929 624 1991 quae
647 1902 768 1990 quidem
784 1913 994 1994 interpretatio
1009 1913 1136 1972 sortasse
1151 1911 1294 1991 praesidii
1317 1913 1430 1992 aliquid

265 2011 354 2074 hahet
377 2032 414 2073 ex
437 2013 550 2074 ultimis
578 2007 679 2072 'verbis
700 2011 805 2072 scholii
829 2011 864 2072 ad
888 2010 914 2074 0
939 2009 999 2072 119
1021 2014 1159 2092 ascripti:
1197 2011 1308 2076 τινὲε
1338 2010 1431 2090 ἔγρα-

265 2132 333 2193 ψαν
355 2113 431 2195 νέῳ
454 2112 579 2190 ἀνδρί.
614 2113 726 2173 Eodem
749 2110 907 2192 scholioll)
932 2113 1021 2174 simul
1044 2123 1146 2193 aperte
1169 2115 1329 2185 indicatur,
1352 2133 1430 2195 quae
1538 2191 1539 2200 ἵ

264 2215 380 2276 llhiano
402 2216 535 2276 mutandi
558 2233 646 2276 causa
668 2215 776 2274 luerit:
807 2215 897 2274 voluit
926 2217 1007 2274 enim
1031 2215 1129 2275 dativo
1152 2217 1249 2294 posito
1270 2215 1429 2295 impedire,

265 2336 302 2377 ne
325 2319 392 2398 quis
414 2317 487 2378 lalso
509 2313 695 2394 γεραίτερον
717 2333 772 2394 ρτο
795 2315 929 2376 subiecto
952 2317 1111 2395 acciperet.
1148 2316 1226 2377 llaec
1242 2325 1341 2378 autem
1364 2320 1431 2378 eius

265 2421 342 2479 ratio
364 2418 539 2479 scholiastae
563 2416 754 2476 vehementer
783 2417 952 2496 displicuit,
981 2420 1033 2496 qui
1055 2417 1172 2478 Rhiano
1194 2419 1314 2480 crimini
1336 2419 1429 2488 dedit,

264 2521 344 2600 quod
366 2519 447 2580 illam
475 2517 699 2596 ambiguitatem
730 2517 850 2579 dicendi
878 2519 956 2598 apud
983 2519 1146 2580 Homerum
1176 2537 1236 2580 non
1263 2520 1428 2581 inauditam

265 2640 329 2683 esse
352 2623 498 2690 nesciret,
522 2619 661 2699 idemque
684 2621 789 2680 statuit
810 2619 980 2682 Nitzschius
1002 2619 1101 2681 adnot.
1130 2621 1173 2682 ad'
1189 2620 1244 2681 Od.
1267 2620 1330 2700 lp.
1357 2619 1428 2682 140.

265 2726 306 2786 Αο
328 2731 409 2784 recte
439 2722 483 2782 illi
506 2720 639 2802 quidem
655 2720 763 2782 Rhiani
792 2723 985 2782 mutationem
1014 2739 1265 2801 supervacaneam
1293 2740 1358 2783 esse
1382 2723 1428 2784 di-

266 2832 393 2899 xerunt,
415 2843 482 2884 nam
505 2825 557 2903 qui
579 2825 611 2882 in
635 2823 724 2882 totius
745 2821 803 2882 loci
826 2825 974 2884 rationem
996 2830 1027 2884 et
1041 2825 1259 2884 sententiarum
1282 2840 1428 2884 conexum

265 2926 358 3007 probe
380 2925 556 2993 intenderit,
581 2930 748 2984 structurae
772 2923 966 3001 ambiguitate
989 2926 1029 2984 ita
1046 2925 1145 3003 decipi
1168 2943 1227 2985 non
1249 2927 1371 3004 poterit,
1396 2934 1429 2984 nt

264 3031 294 3090 in
316 3028 400 3089 illum
422 3026 639 3106 interpretandi
662 3043 797 3086 errorem
825 3026 952 3094 incidat;
981 3034 1012 3086 at
1038 3026 1095 3086 hoc
1121 3034 1221 3086 tamen
1252 3044 1427 3088 concessum

264 3130 366 3199 velim,
390 3129 538 3190 Rhianum
560 3146 619 3188 non
643 3136 701 3188 tam
724 3135 836 3187 temere
860 3128 971 3204 egisse,
995 3144 1083 3206 quam
1106 3129 1226 3206 utrique
1248 3129 1344 3188 visum
1367 3135 1426 3188 cst:
1536 3115 1537 3127 ¹

264 3231 341 3292 haud
374 3232 485 3290 iniuria
514 3230 593 3290 enim
626 3246 789 3309 provocare
816 3235 933 3306 poterat
961 3228 997 3287 ad
1019 3245 1038 3290 ν
1059 3225 1138 3298 312,
1172 3229 1223 3306 qui
1256 3247 1361 3289 versus
1383 3237 1429 3290 est

264 3337 342 3394 inter
363 3335 428 3413 ipsa
456 3331 632 3391 documenta
660 3349 710 3399 ea,
739 3347 815 3409 quac
839 3328 1011 3390 Nitzschius
1032 3329 1051 3389 l.
1075 3330 1095 3390 l.
1125 3330 1237 3390 attulit:
1266 3326 1426 3406 ἀργαλέον

264 3453 313 3516 τε,
335 3431 407 3502 θεά,
435 3433 557 3507 γνῶναι
581 3433 712 3512 βροτῷ
735 3426 953 3511 ἀντιὰταντι,
983 3429 1034 3490 uhi
1057 3430 1218 3501 Homerus,
1248 3449 1426 3511 quamquam
1535 3459 1536 3508 γ

264 3585 465 3596 ...φ--η-..ῇ

331 3686 375 3752 44)
394 3682 497 3737 Versus
515 3681 558 3734 est
577 3681 599 3735 Ο
619 3685 680 3734 119:
711 3679 750 3734 dr<
768 3679 857 3747 φάτο·
888 3679 933 3733 καί
959 3682 990 3747 ῥ’
1014 3680 1121 3735 ίπττουε
1147 3681 1247 3735 κέλετο
1269 3681 1377 3748 Δεῖμόν
1394 3698 1426 3737 τε

264 3771 358 3834 Φόβον
375 3784 408 3821 τε
425 3767 589 3832 ζευγνύμεν,
614 3763 755 3818 Scholion:
782 3763 890 3830 Δεῖμόν
916 3781 949 3818 τε
967 3766 1062 3830 Φόβον
1084 3781 1130 3819 τε·
1156 3767 1174 3830 ή
1197 3767 1281 3833 διπλῆ
1300 3767 1344 3820 ότι
1362 3767 1426 3820 ἀντὶ
1534 3821 1535 3824 ,

263 3859 315 3909 τοο
333 3852 429 3921 Δείμῳ
448 3852 494 3905 καί
512 3851 613 3920 Φόβῳ,
636 3852 682 3903 καί
700 3852 743 3904 ότι
762 3849 895 3904 ἐντεῦθεν
918 3850 935 3914 ἡ
955 3849 1049 3918 πλάνη
1067 3849 1167 3915 γέγονε
1189 3855 1249 3904 τοῑτ
1266 3851 1426 3917 δεξαμένοις

263 3943 369 4006 Δεῖμον
387 3939 433 3992 καί
452 3937 546 4002 Φόβον
563 3935 663 3990 ἵππων
681 3937 817 4002 όνόματα.
841 3933 890 3988 εἰεί
908 3935 939 3988 δέ
961 3935 1061 4000 Ἀρεοε
1084 3934 1147 3988 υἱοί.
1173 3935 1208 3988 τό
1226 3935 1256 3988 δέ
1273 3935 1357 4000 γένοτ
1374 3940 1426 4003 τῆς

263 4022 431 4092 ἀμφιβολία(
454 4022 528 4075 ἔετιν
551 4021 644 4088 εὑρεῖν
666 4022 712 4073 καὶ
735 4019 855 4088 ἀλλαχῇ·
883 4019 953 4072 «τόν
979 4018 1008 4072 δέ
1026 4001 1186 4086 τῆροίίαε
1208 4019 1258 4074 δότ
1281 4020 1312 4074 δέ
1329 4020 1362 4075 τέ
1381 4021 1424 4088 μ’]

263 4113 351 4177 ἄνδρα
369 4110 443 4162 ἑλεῖν
466 4107 511 4160 καί
534 4106 563 4160 tc
581 4106 672 4172 ὁρμὴν
691 4105 787 4170 έγχεοε
805 4104 915 4158 ἐλθεῖν»
933 4103 965 4171 (Ε
979 4104 1038 4171 118)
1057 4105 1102 4158 καί
1121 4103 1152 4156 ἐν
1176 4103 1232 4158 'Oh
1258 4104 1287 4170 (γ
1304 4105 1350 4171 24)
1368 4103 1426 4158 ταί-

263 4197 320 4249 όὼε
342 4195 371 4248 δ’
393 4193 429 4248 αὖ
452 4191 517 4246 νέον
539 4191 627 4256 ἄνδρα
648 4188 812 4256 γεραίτερον
835 4187 1019 4254 ἐξερέεεθαο),
1046 4187 1117 4253 ὅπερ
1144 4186 1333 4254 ἀγνοήεαντέε
1351 4205 1426 4244 τινεε

262 4281 388 4348 ἔγραψαν
405 4277 463 4347 νέῳ
481 4275 567 4344 ἀνδρί.
585 4274 615 4328 L.
