3112 4684
753 289 906 384 „Q-

331 477 411 538 Haec
434 478 498 537 fere
522 485 607 545 sunt,
640 495 717 556 quae
748 477 784 536 de
819 485 923 536 natura
958 484 987 535 et
1011 477 1128 536 ratione
1151 479 1226 537 artis
1248 479 1372 539 criticae
1399 497 1421 538 a

245 579 361 640 Rhiano
383 581 536 640 factitatas
560 581 702 655 cognosci
724 597 812 656 posse
836 577 975 638 arbitrer.
1008 575 1088 647 Quae
1111 580 1138 638 si
1161 579 1421 649 consideraveris

246 682 415 740 confirmari
439 677 555 739 videbis
578 687 609 738 et
632 680 809 756 explicatius
831 679 954 759 probari
978 697 1047 739 eum
1076 679 1212 748 laudem,
1241 700 1299 760 qua
1322 681 1424 740 Wol-

245 783 260 842 l
264 784 324 842 ius
345 781 496 844 Rhianum
519 777 696 856 ornavit⁶⁰),
719 788 783 840 tum
806 779 851 840 La
867 781 1002 840 Roehii
1026 779 1116 840 verba
1139 781 1157 840 l.
1182 781 1202 842 l.
1226 801 1256 860 p.
1272 779 1323 852 44,
1347 785 1425 861 qui-

246 882 303 943 hus
326 891 451 962 excepto
473 881 647 942 Aristarcho
675 883 943 961 praestantissimis
971 900 1041 941 eum
1069 884 1185 942 criticis
1214 883 1425 943 adnumeran-

247 984 317 1044 dum
339 1003 403 1044 esse
426 984 620 1063 praedicavit.
1380 967 1386 976 ⁸

247 1155 449 1164 ---—

247 1267 415 1322 acutioribus
433 1266 588 1322 editoribus
610 1267 690 1320 Imm.
714 1267 891 1321 Bekkerus
914 1267 1067 1321 intextum
1094 1269 1201 1337 recepit
1222 1273 1246 1321 4.
1266 1274 1289 1321 7.
1315 1274 1353 1326 10,
1374 1275 1427 1322 11.

248 1359 288 1406 13.
307 1359 348 1406 20.
366 1358 407 1405 24¹.
426 1358 467 1405 25.
485 1357 531 1418 39,
556 1369 646 1420 paene
673 1368 768 1406 omnes
795 1351 916 1404 editores
942 1354 1109 1419 receperunt
1135 1357 1158 1405 ἵ.
1184 1359 1223 1406 11.
1248 1359 1288 1406 ⁴20.
1312 1359 1353 1409 25.
1373 1359 1428 1420 39,

247 1437 461 1490 Duentzerus
479 1437 508 1490 et
525 1435 569 1489 La
586 1437 735 1490 Rochius
753 1435 945 1504 probaverunt
963 1435 1048 1489 etiam
1067 1442 1108 1490 13.

315 1521 359 1588 60)
378 1519 433 1574 cfr.
451 1519 558 1589 proleg.
571 1539 599 1590 p.
614 1527 662 1575 188
680 1523 737 1574 not.
751 1526 795 1574 57:
822 1519 889 1572 ‘duo
907 1519 952 1573 vel
969 1519 1026 1574 tria
1038 1537 1071 1573 ex
1089 1519 1132 1573 his
1150 1519 1347 1590 speciminibus
1364 1521 1428 1576 ha-

248 1605 318 1658 bent
352 1603 428 1670 quod
461 1603 543 1658 valde
580 1604 743 1674 displiceat3
778 1607 871 1658 cetera
900 1604 1057 1658 modestum
1086 1604 1139 1658 viri
1173 1604 1318 1673 ingenium
1351 1623 1431 1674 pro—

249 1691 338 1756 dunt’‚
355 1689 541 1743 neeW01lius
558 1691 653 1742 tamen
670 1689 733 1758 plus
752 1705 836 1756 quam
849 1687 945 1742 decem
962 1688 1098 1743 lectiones
1115 1688 1210 1742 Iliadis
1228 1691 1352 1744 noverat.
1371 1691 1431 1744 Ad
1447 1739 1450 1756 ,

248 1773 318 1828 haec
331 1774 417 1828 verba
434 1773 571 1826 Saalius
589 1791 616 1842 p.
631 1777 664 1828 65
682 1773 777 1826 Wolfii
794 1771 925 1826 iudicium
944 1772 1066 1841 quodam
1077 1774 1161 1828 modo
1174 1775 1347 1828 correcturus
1365 1775 1430 1830 ad-

250 1859 332 1912 didit:
357 1857 473 1912 ‘seilicet
495 1857 547 1910 hoc
570 1857 709 1911 fateamur
731 1873 844 1910 necesse
868 1859 911 1910 est
930 1858 1076 1924 (quantum
1099 1856 1211 1926 quidem
1235 1875 1268 1912 ex
1285 1858 1355 1912 locis
1374 1877 1430 1913 su-

249 1959 302 2010 pra
319 1942 411 1996 allatis
430 1941 561 2010 colligere
579 1948 750 2010 possumus),
777 1942 861 1995 fuisse
884 1942 942 1996 eius
965 1943 1055 1996 artem
1080 1942 1205 1996 criticam
1231 1942 1331 1996 nimis
1358 1961 1432 1998 an-

249 2028 338 2080 xiam
355 2017 532 2094 rationesqire
550 2026 580 2079 in
598 2025 782 2080 diiudicandis
801 2029 829 2080 et
847 2027 983 2095 eligendis
1001 2027 1144 2096 scripturis
1167 2027 1306 2096 saepius
1323 2027 1433 2083 haud

250 2111 471 2165 sufficientes
490 2111 639 2180 speciem
657 2111 769 2180 magis
787 2128 887 2180 quam
904 2111 1091 2166 veritatem
1108 2128 1176 2182 prae
1194 2128 1223 2165 se
1241 2112 1336 2164 ferre’
1364 2113 1442 2168 Hic.

249 2212 340 2250 nonne
358 2213 415 2249 una
431 2196 581 2250 verborum
600 2196 846 2265 comprehensione
865 2195 933 2249 diras
951 2213 995 2250 res
1014 2195 1154 2264 eloquitur
1177 2195 1231 2248 sibi
1248 2195 1332 2265 plane
1352 2213 1432 2252 con-

249 2280 367 2334 trarias?
397 2279 470 2334 Nam
488 2281 537 2349 qui
559 2281 668 2334 inerte
690 2280 787 2334 critica
806 2280 898 2332 ‘nimis
916 2279 1023 2334 anxius’
1048 2281 1102 2347 est,
1124 2280 1147 2332 is
1169 2296 1254 2348 quam
1275 2281 1433 2336 rarissime

249 2364 384 2418 traditam
402 2365 528 2418 codicum
546 2365 710 2418 memoriam
728 2365 838 2418 mutare
858 2363 986 2432 audebit,
1005 2363 1174 2434 gravissimis
1187 2363 1276 2418 causis
1294 2379 1433 2422 commo-

249 2452 306 2515 tus,
325 2450 355 2502 at
371 2464 428 2502 non
445 2449 479 2502 iis
497 2465 569 2517 quae
597 2449 684 2503 ‘haud
701 2449 841 2502 sufficiant
859 2448 1035 2517 speciemque
1059 2449 1149 2519 magis
1167 2467 1250 2518 quem
1268 2449 1435 2506 veritatem

249 2549 318 2602 prae
336 2549 365 2586 ae
382 2533 495 2586 ferant!
