3124 4682
116 465 222 524 anatim
246 463 382 542 scripsit,
413 462 571 523 lacobus
598 462 644 523 La
674 459 883 544 neonium),
918 483 1096 544 quamquam
1125 466 1287 528 advenum

115 565 212 626 nruito
235 567 359 644 propius
387 567 531 636 accessit,
558 583 623 625 eam
646 582 709 624 rem
739 566 780 624 ita
803 563 965 629 absolvisse
994 566 1142 645 putandus
1165 575 1225 637 est,
1256 577 1289 630 ut

116 685 227 746 aquas,
258 672 290 726 ut
318 667 416 735 aiunt,
446 667 477 726 in
505 683 587 724 mare
616 665 750 724 videatur
772 666 913 736 sundere,
942 669 994 746 qui
1024 669 1148 730 eandem
1177 671 1288 732 iterare

116 768 323 846 aggrediatur.
367 781 369 786 ·

205 871 298 938 Quam
329 869 367 929 ob
396 887 515 930 oausam
546 868 624 949 quod
647 869 723 930 hanc
746 872 1042 941 commentationem,
1072 891 1160 952 quam
1183 893 1288 936 novem

118 972 232 1032 abhinc
266 989 372 1040 annos,
407 989 476 1030 cum
507 970 596 1032 lenae
631 971 808 1031 Mauricii
843 970 1049 1032 Schmidtii
1083 978 1288 1054 praeceptoris

117 1092 236 1134 summe
252 1073 414 1134 venerandi
430 1055 588 1152 disciplima
609 1071 730 1142 utebar,
755 1071 993 1134 adulescentulus
1008 1077 1185 1154 conscripsi,
1209 1095 1288 1138 nunc

118 1176 220 1236 denuo
236 1177 394 1236 retractavi
411 1181 441 1234 et
463 1173 654 1252 amplificavi,
685 1173 799 1234 diutius
814 1175 845 1234 in
862 1176 1046 1236 scriniorum
1061 1175 1167 1238 umbra
1195 1178 1287 1240 latere

116 1277 219 1345 rrolui,
250 1295 307 1336 non
337 1275 505 1336 defuturam
529 1274 603 1336 mihi
627 1276 849 1336 exeusationem
872 1295 975 1354 spero,
1007 1295 1073 1338 curn
1098 1296 1201 1339 omnes
1223 1281 1287 1339 tere

117 1395 225 1440 versus
247 1377 413 1446 Homerici,
437 1393 511 1456 quos
526 1375 660 1436 Rhianus
675 1378 835 1437 mutavisse
851 1377 958 1453 fertur,
976 1387 1027 1441 aut
1043 1380 1217 1441 difficultate
1233 1381 1287 1442 aii·

116 1498 177 1558 ηαο
200 1478 336 1540 laborent
364 1485 414 1539 aut
443 1480 464 1538 ii
493 1479 569 1546 sint,
601 1477 637 1537 de
660 1476 770 1556 quibus
792 1485 891 1548 nostra
920 1499 1038 1560 quoque
1068 1487 1181 1551 aetate,
1211 1502 1286 1562 quae

118 1581 164 1640 vet
181 1583 309 1641 maxime
325 1580 435 1658 flagret,
446 1580 494 1640 bis
509 1579 626 1650 studiis,
649 1579 774 1641 uberius
789 1580 942 1660 disputare
963 1600 1072 1661 operae
1089 1585 1220 1662 pretinm
1235 1587 1286 1646 sit.

590 1801 815 1810 ‘an-—

684 1969 713 2042 Ι.

204 2139 376 2200 Bisserendi
407 2137 599 2200 exordinata
629 2141 704 2199 vita
726 2139 838 2199 Rhiani-
858 2141 1024 2218 capiamus,
1055 2160 1143 2220 quam
1165 2142 1286 2222 quidem

115 2263 182 2304 rem
207 2243 252 2302 vel
276 2241 375 2303 obiter
397 2243 544 2318 attingere
567 2248 636 2319 post
651 2239 792 2300 Meinekii
816 2258 904 2302 curas
930 2243 1068 2319 egregias
1088 2243 1286 2322 supersedere

116 2363 289 2426 possemus,
320 2343 437 2403 nisi=in
466 2344 541 2421 ipsis
570 2341 633 2410 his,
663 2359 738 2420 quae
766 2343 812 2400 vir
841 2341 1064 2403 eruditissimus
1091 2345 1285 2422 investigasse

1 2449 3 2454 ’
115 2447 176 2507 sibi
199 2448 282 2506 visus
304 2451 363 2513 est,
388 2444 528 2504 nonnulla
545 2442 760 2503 dubitationem
777 2450 945 2514 moverent;
969 2451 1124 2523 praeterea
1148 2447 1287 2507 siminus

114 2543 244 2629 paucma
279 2544 403 2613 addere,
438 2552 468 2606 at
503 2545 558 2605 alia
592 2547 687 2622 magis
722 2545 896 2608 confirmare
931 2545 1000 2607 licet
1034 2555 1064 2607 et
1097 2547 1168 2607 inde
1202 2547 1285 2609 unti-

114 2653 187 2712 tatis
209 2648 323 2728 aliquid
347 2647 528 2708 redundabit
551 2646 586 2708 ad
610 2665 659 2715 ea,
689 2665 764 2727 quae
788 2646 931 2726 deinceps
953 2650 985 2708 in
1007 2650 1211 2728 quaestionem
1235 2669 1285 2710 vo·

115 2754 211 2813 canda
236 2758 313 2814 sunt.
1283 2753 1290 2762 '

204 2855 298 2933 Atque
321 2855 402 2912 inter
423 2869 534 2930 paucos
557 2851 624 2912 iilos
646 2853 825 2930 scriptores,
849 2853 901 2930 qui
924 2850 1032 2911 Rhiani
1056 2853 1133 2912 vitae
1157 2853 1283 2912 mentio·

114 2977 185 3018 nem
209 2958 392 3022 iniecerunt,
416 2955 591 3032 primarium
615 2952 673 3012 sibi
696 2952 793 3012 locum
815 2952 946 3014 vindicat
968 2952 1119 3021 Suidas,
1143 2955 1194 3031 qui
1217 2973 1240 3012 s.
1257 2972 1283 3011 v.

1 3085 3 3094 ι
116 3060 210 3120 uadit
232 3057 319 3116 liaeo:
357 3051 498 3134 Ῥιανός,
527 3051 621 3115 ὁκαὶ
646 3051 742 3134 Κρής,
766 3051 813 3116 ὢν
837 3052 984 3130 Βηναῖος.
1024 3052 1109 3129 Βήνη
1132 3053 1168 3116 δὲ
1190 3052 1283 3116 πόλις

116 3159 253 3238 Κρήτης·
282 3155 366 3220 τινὲς
388 3156 424 3219 δὲ
450 3154 617 3235 Κεραῖτην,
641 3152 734 3218 ἄλλοι
755 3155 791 3217 δὲ
813 3153 941 3231 Ἰθώμη(
962 3155 1019 3230 τῆς
1042 3153 1206 3232 Μεςςήνης
1228 3153 1283 3218 αὐ-

112 3261 173 3325 τὸν
202 3257 377 3336 ἱςτόρηςαν.
421 3253 518 3319 οὗτος
548 3255 584 3318 δὲ
612 3251 651 3331 ἢν
679 3257 735 3332 τῆς
762 3254 957 3332 παλαίςτρας
989 3253 1149 3333 πρότερον
1178 3254 1284 3334 φύλαξ

112 3362 166 3426 καλ
189 3361 315 3424 δοῦλος.
340 3357 471 3436 ὕςτερον
494 3357 530 3421 δὲ
551 3356 732 3421 παιδευθεὶς
754 3355 882 3432 ἐγένετο
897 3355 1127 3435 γραμματικός,
1150 3356 1283 3436 ςύγχρο-

112 3485 174 3528 νος
197 3459 450 3541 Ἐρατοςθένους.
475 3458 619 3538 ἔγραψεν
643 3457 780 3537 ἔμμετρα
802 3459 979 3540 ποιήματα,
1007 3456 1218 3536 Ἡρακλειάδα
1246 3457 1281 3522 ἐν

113 3563 246 3648 βιβλίοις
267 3562 435 3641 τέτταρςιν.
739 3555 742 3566 ’

201 3667 312 3728 Eadem
340 3667 404 3726 iere
433 3664 511 3744 apud
539 3664 739 3724 Eudoeiam
768 3663 835 3724 viol.
864 3682 894 3744 p.
918 3659 978 3724 371
1009 3663 1165 3741 leguntur:
1202 3659 1284 3738 Περὶ

111 3769 244 3835 Ῥιανοῦ
266 3769 324 3830 τοῦ
346 3767 573 3845 γραμματικοῦ.
610 3761 736 3828 Ῥιανὸς
761 3763 858 3844 Κρής,
882 3762 1096 3842 γραμματικὸς
1119 3762 1154 3826 ἐκ
1169 3763 1280 3840 Βήνης.

111 3873 208 3936 πόλις
231 3869 267 3933 δὲ
289 3866 368 3944 αὕτη
394 3867 527 3945 Κρήτης·
550 3865 634 3929 τινὲς
656 3866 692 3929 δὲ
717 3865 884 3947 Κεραῑτην,
913 3863 1006 3929 ἄλλοι
1028 3865 1064 3928 δὲ
1086 3863 1204 3942 Ἰθάκης
1226 3867 1282 3940 τῆς

112 3971 281 4049 Μεςςήνης
303 3969 402 4034 αὐτὸν
429 3967 596 4046 ἱςτόρηςαν
625 3975 698 4049 cet,
727 3969 778 4029 ubi
802 3965 935 4046 Ἰθάκης,
957 3968 1034 4046 ηαοιλ
1059 3969 1149 4028 etiam
1172 3965 1280 4027 Suidao
1361 3979 1367 3990 ·

109 4075 234 4138 codices
255 4074 420 4134 deteriores
441 4072 614 4150 occupavit,
637 4077 739 4149 aperte
761 4070 936 4130 mendosum
959 4077 1013 4129 est.

180 4225 208 4292 4)
227 4219 280 4276 Die
297 4218 470 4274 homerisohe
488 4218 646 4273 Textkritik
663 4217 701 4272 im
719 4217 878 4272 Alterthum
897 4216 998 4288 (Leipc.
1019 4219 1094 4282 1866)
1112 4235 1140 4287 p.
1159 4221 1200 4273 43.
1217 4221 1259 4271 44.
1280 4260 1286 4268 .
