3124 4682
752 269 772 333 9

687 361 837 368 »-—--——-

178 458 289 520 Rliiani
312 463 401 521 vitam
425 463 506 522 tertii
531 461 641 522 saeculi
664 461 819 521 dimidium
845 459 970 522 alterum
994 469 1062 521 ante
1085 479 1185 522 aeram
1201 462 1344 528 Christia-

179 579 249 623 nam
272 563 334 622 sive
358 564 448 622 trium
470 561 706 624 Ptolemaeorum
730 579 822 639 regna
845 563 1049 642 complevisse.

265 663 399 743 Denique
423 667 624 744 comperimus
657 664 819 733 Rhianum,
849 653 1007 744 antei'yuam
1035 665 1066 724 in
1094 666 1204 725 artium
1231 665 1344 727 littera·

178 780 306 844 rumque
330 766 438 827 studiis
465 766 619 826 elaborare
648 769 676 826 ei
705 767 827 836 liceret,
856 765 1074 826 adulescentem
1105 765 1228 829 eandem
1256 786 1344 846 quam

178 868 289 928 multos
311 868 387 928 alios
409 869 488 928 inter
510 868 641 928 Graecos
663 874 693 927 et
708 867 857 928 Romanos
879 867 1015 928 homiues
1037 867 1185 928 litteratos
1207 870 1344 930 fortunae

179 970 322 1030 invidiam
345 975 500 1048 expertum
523 987 604 1039 esse,
627 977 660 1029 ut
682 971 712 1028 in
729 969 829 1029 servili
852 968 1027 1028 condicione
1049 972 1162 1030 versari
1177 978 1344 1049 cogeretur.

178 1072 220 1132 Ac
242 1071 408 1150 palaestrae
423 1071 563 1132 ,custodis
585 1087 708 1130 munere
732 1087 767 1130 eo
791 1077 923 1150 tempore
945 1068 1137 1148 fungebatur.
1169 1071 1345 1133 Siebelisius

179 1173 300 1252 quidem
323 1172 353 1232 id
376 1189 483 1232 munus
506 1191 522 1232 a
545 1173 667 1232 servitio
689 1189 813 1250 prorsus
829 1170 990 1232 abhorrere
1007 1170 1170 1234 arbitratus
1185 1173 1343 1244 Rhianum,

179 1293 247 1334 cum
270 1275 356 1334 lieret
378 1269 571 1350 παλαίετρα(
591 1270 713 1353 φύλαξ,
736 1272 886 1332 hominem
909 1273 955 1333 sui
977 1275 1052 1333 iuris
1073 1275 1165 1335 tuisse
1181 1277 1344 1354 putandum
1444 1337 1449 1346 ,

179 1395 246 1436 esse
274 1376 437 1435 contendit.
483 1374 541 1434 Sed
570 1393 637 1434 cum
666 1393 724 1434 non
753 1376 826 1434 satis
855 1373 1037 1453 exploratum
1069 1377 1123 1446 sit,
1154 1395 1224 1438 num
1247 1378 1344 1457 palae-

180 1485 258 1537 strae
288 1477 421 1538 custodia
449 1496 465 1538 a
494 1495 579 1536 servo
608 1477 719 1555 suscipi
748 1495 807 1536 non
841 1478 986 1555 potuerit,
1022 1493 1117 1556 nequo
1147 1477 1345 1558 Hieronymus

179 1579 382 1648 Mercurialis,
406 1581 492 1639 cuins
515 1581 690 1639 auctoritate
714 1577 888 1638 Siebelisius
911 1579 1033 1647 nititur,
1058 1581 1223 1640 accuratius
1245 1583 1344 1657 inqui-

180 1683 285 1741 sivisse
308 1681 457 1749 videatur,
482 1680 578 1760 qualis
601 1683 666 1741 eius
688 1682 822 1742 muneris
844 1681 935 1740 luerit
957 1687 1061 1740 natura
1085 1687 1114 1740 et
1135 1679 1344 1761 proprietas7),

178 1791 241 1842 tum
264 1799 335 1841 vero
357 1783 423 1860 ipsa
446 1781 605 1842 verborum
621 1781 788 1851 collocatio,
813 1800 869 1860 qua
886 1781 1067 1861 Hermippus
1090 1783 1136 1842 vix
1161 1790 1273 1844 temere
1289 1784 1345 1844 hoc

178 1883 245 1944 looc
268 1900 340 1943 usus
362 1889 421 1952 est,
446 1901 532 1942 servo
552 1883 667 1943 Rhiano
690 1883 866 1962 palaestram
890 1883 1111 1945 custodiendam
1134 1885 1226 1945 luisse
1250 1887 1345 1945 mani-

179 1987 255 2045 leste
279 1985 386 2062 arguit.
431 1981 508 2053 Quid
537 1984 625 2044 veroi
659 2002 757 2044 nonne
786 1984 977 2062 redarguitur
1004 1985 1060 2045 hoc
1083 1986 1223 2046 dilucidis
1246 1986 1346 2047 verbis

180 2087 361 2154 Aristotelis,
391 2087 442 2164 qui
465 2085 525 2165 pol.
549 2081 619 2147 115
647 2104 676 2164 p.
699 2082 756 2154 31,
780 2081 822 2144 20
845 2084 960 2165 (Belli.)
990 2086 1078 2146 dicit:
1117 2085 1234 2150 ἐκεῖνοι
1265 2086 1346 2165 (Cre-

179 2187 288 2268 tenses)
319 2185 381 2263 γὰρ
408 2183 509 2249 τᾶλλα
536 2185 636 2250 ταύτὰ
664 2188 734 2249 τοῑε
763 2184 894 2250 boillon
921 2184 1055 2265 ἐφέντες
1083 2187 1184 2264 μόνον
1214 2187 1345 2268 ἀπειρή-

178 2308 247 2354 socr
268 2288 308 2352 τὰ
329 2286 484 2368 repedem
505 2285 555 2350 καὶ
576 2288 633 2365 τὴν
656 2291 722 2352 τῶν
746 2284 858 2351 ὅπλων
881 2290 1006 2365 raticio?
1042 2288 1105 2360 Quo
1128 2293 1297 2351 testimonio
1320 2294 1345 2352 si

179 2395 247 2472 quis
268 2395 312 2452 uti
335 2391 422 2460 velit,
452 2408 559 2451 vereor
586 2408 624 2449 ne
653 2407 712 2449 non
735 2389 860 2450 multum
883 2392 1028 2468 proficiat.
1073 2392 1190 2452 Etenim
1214 2393 1345 2454 dubitari

179 2497 227 2554 vix
256 2499 368 2574 potest,
403 2495 476 2572 quin
501 2509 562 2552 uon
591 2498 650 2551 tam
678 2493 898 2571 gymnasiorum
928 2493 1061 2553 aedificia
1090 2512 1177 2573 quam
1200 2497 1345 2555 exercita-

179 2597 275 2656 tiones
297 2595 364 2655 illae
387 2613 403 2654 a
425 2594 601 2675 philosopho
624 2593 850 2671 intellegantur,
874 2594 984 2673 qulbus
1000 2595 1205 2656 adulescentes
1221 2614 1345 2676 corpora

178 2701 299 2758 firmare
323 2695 473 2765 solebant,
498 2713 595 2774 neque
611 2700 738 2764 constat,
763 2713 829 2754 oum
846 2695 979 2756 custodia
995 2697 1159 2774 palaestrae
1176 2701 1346 2758 necessario

178 2801 366 2860 coniunctam
389 2799 482 2858 luisse
505 2795 610 2857 harum
634 2799 880 2857 exercitationum
909 2800 1080 2858 societatem
1103 2805 1133 2858 et
1155 2799 1345 2861 administra·

178 2903 311 2969 tionem,
344 2919 418 2979 quae
443 2900 478 2960 ad
502 2899 706 2959 moderatores
728 2901 827 2977 potius
850 2906 880 2958 et
907 2902 1066 2977 magistros
1094 2900 1254 2961 iuventutis
1278 2921 1345 2981 per·

179 3002 307 3071 tinebat;
336 3021 414 3082 quos
439 2997 659 3078 παιδονόμους
687 3007 716 3060 et
743 2996 901 3075 ἀγελάταε
929 3021 945 3061 a
969 3002 1162 3063 Cretensibus
1185 3003 1346 3081 appellatos

178 3123 244 3164 esse
267 3099 419 3181 scimus.⁸)
466 3103 523 3162 Sed
547 3109 580 3163 ut
601 3121 703 3163 verum
727 3104 781 3172 sit,
805 3103 883 3182 quod
907 3104 943 3164 de
967 3106 1076 3163 ceteris
1098 3103 1268 3164 civitatibus
1291 3107 1345 3164 mi·

178 3209 259 3266 nime
282 3204 505 3265 eoncedendum
534 3211 593 3272 est,
623 3203 810 3265 Cretensium
840 3223 942 3264 servos
970 3206 1091 3265 ouriiino
1118 3205 1193 3266 nibil
1221 3208 1347 3266 rationis

177 3307 320 3368 habuisse
343 3325 411 3366 eum
426 3307 603 3385 gymnasiis:
628 3308 659 3366 in
683 3305 799 3366 Cretica
823 3305 898 3366 urbe
915 3305 1063 3366 Rhianum
1086 3309 1259 3368 servitutem
1284 3326 1345 3368 ser·

177 3411 288 3469 vivisse
311 3409 379 3488 quis
406 3408 525 3468 tandem
554 3408 689 3468 evincet?
724 3408 783 3468 Cur
817 3425 876 3467 non
903 3413 1020 3486 poterat
1042 3410 1120 3478 fieri,
1150 3416 1184 3470 nt
1205 3411 1236 3469 in
1260 3410 1346 3472 Creta

178 3518 267 3572 natus
304 3512 406 3570 nescio
443 3527 500 3590 qua
537 3509 703 3570 calamitate
723 3511 773 3585 ‚in
813 3511 985 3570 servitutem
1024 3511 1212 3589 redigeretur
1249 3519 1279 3572 et
1315 3513 1346 3571 in

177 3647 382 3656 ...--—-———-

247 3729 274 3796 t)
292 3725 464 3780 Mercurialis
482 3724 555 3779 enim
575 3727 609 3778 de
628 3725 688 3780 arte
707 3741 799 3793 gymu.
819 3725 831 3776 I
856 3730 887 3780 12
923 3743 986 3780 cum
1005 3727 1273 3793 παλαιετροφύλακα
1290 3744 1347 3782 non

177 3812 270 3867 solum
287 3811 379 3880 ipsum
396 3810 532 3864 luctatum
551 3827 624 3876 esse,
642 3826 738 3864 verum
757 3808 842 3864 etiam
859 3809 1018 3879 palaestrae
1042 3827 1138 3864 eurem
1155 3811 1287 3866 habuisse
1306 3811 1346 3864 di-

176 3906 237 3962 cat,
256 3895 293 3950 ad
309 3913 395 3948 unum
413 3895 562 3948 dumtaxat
578 3895 671 3949 locum
688 3895 866 3964 Hippocratis
883 3895 1010 3966 respicit,
1030 3896 1103 3950 unde
1121 3897 1174 3950 hoe
1191 3896 1220 3950 in
1238 3896 1346 3951 univer-

177 4000 242 4036 sum
260 3979 353 4049 colligi
370 3997 426 4032 non
444 3980 549 4049 potest,
569 3997 631 4034 eum
648 3981 805 4050 palaestrae
824 3981 946 4035 custodis
964 3981 1040 4050 apud
1057 3981 1188 4050 antiquos
1206 3980 1274 4035 satis
1292 3981 1345 4034 sre-

177 4083 267 4136 quens
286 4065 390 4119 mentio
409 4065 466 4119 fiat.

248 4152 275 4221 8)
296 4145 350 4203 Cir.
369 4147 471 4204 Strabo
488 4149 514 4203 X
531 4155 590 4205 483.
615 4149 754 4206 Hoeekiue
772 4150 871 4206 Cretae
890 4151 930 4204 ΙΙΙ
952 4169 979 4221 p.
999 4157 1047 4206 100
1060 4167 1121 4219 sqq.
1142 4149 1347 4205 Schoemannus

178 4233 269 4302 antiq.
289 4233 355 4287 iuris
372 4232 477 4302 publici
495 4233 541 4289 Gr.
561 4253 589 4304 p.
608 4239 663 4289 154.
