<?xml version="1.0" encoding="UTF-8"?>
<!DOCTYPE html PUBLIC "-//W3C//DTD XHTML 1.0 Transitional//EN"
    "http://www.w3.org/TR/xhtml1/DTD/xhtml1-transitional.dtd">
<html xmlns="http://www.w3.org/1999/xhtml" xml:lang="en" lang="en">
 <head>
  <title>
</title>
<meta http-equiv="Content-Type" content="text/html;charset=utf-8" />
  <meta name='ocr-system' content='tesseract 3.04.00' />
  <meta name='ocr-capabilities' content='ocr_page ocr_carea ocr_par ocr_line ocrx_word'/>
</head>
<body>
  <div class='ocr_page' id='page_1' title='image "./derhianicretens01mayhgoog_0038.png"; bbox 0 0 3124 4682; ppageno 0'>
   <div class='ocr_carea' id='block_1_1' title="bbox 707 283 749 349">
    <p class='ocr_par' dir='ltr' id='par_1_1' title="bbox 707 283 749 349">
     <span class='ocr_line' id='line_1_1' title="bbox 707 283 749 349; baseline 0 0"><span class='ocrx_word' id='word_1_1' title='bbox 707 283 749 349; x_wconf 81' lang='lat'><strong>29</strong></span> 
     </span>
    </p>
   </div>
   <div class='ocr_carea' id='block_1_2' title="bbox 138 474 1311 3494">
    <p class='ocr_par' dir='ltr' id='par_1_2' title="bbox 140 474 1311 1364">
     <span class='ocr_line' id='line_1_2' title="bbox 140 474 1309 556; baseline 0 -20"><span class='ocrx_word' id='word_1_2' title='bbox 140 485 248 556; x_wconf 90' lang='lat' dir='ltr'><strong>postea</strong></span> <span class='ocrx_word' id='word_1_3' title='bbox 276 483 345 536; x_wconf 91' lang='lat' dir='ltr'><strong>ante</strong></span> <span class='ocrx_word' id='word_1_4' title='bbox 374 476 477 536; x_wconf 91' lang='lat' dir='ltr'><strong>oculos</strong></span> <span class='ocrx_word' id='word_1_5' title='bbox 506 476 604 536; x_wconf 75' lang='lat' dir='ltr'><strong>esset?</strong></span> <span class='ocrx_word' id='word_1_6' title='bbox 640 476 703 536; x_wconf 89' lang='lat' dir='ltr'><strong>Hoc</strong></span> <span class='ocrx_word' id='word_1_7' title='bbox 731 479 811 536; x_wconf 91' lang='lat' dir='ltr'><strong>enim</strong></span> <span class='ocrx_word' id='word_1_8' title='bbox 841 477 993 536; x_wconf 89' lang='lat' dir='ltr'><strong>evidenter</strong></span> <span class='ocrx_word' id='word_1_9' title='bbox 1022 474 1180 537; x_wconf 81' lang='lat' dir='ltr'><strong>admodum</strong></span> <span class='ocrx_word' id='word_1_10' title='bbox 1210 495 1245 536; x_wconf 80' lang='lat' dir='ltr'><strong>ex</strong></span> <span class='ocrx_word' id='word_1_11' title='bbox 1274 495 1309 536; x_wconf 90' lang='lat' dir='ltr'><strong>eo</strong></span> 
     </span>
     <span class='ocr_line' id='line_1_3' title="bbox 141 559 1309 656; baseline 0 -18"><span class='ocrx_word' id='word_1_12' title='bbox 141 579 257 645; x_wconf 89' lang='lat' dir='ltr'><strong>elucet,</strong></span> <span class='ocrx_word' id='word_1_13' title='bbox 281 577 360 654; x_wconf 93' lang='lat' dir='ltr'><strong>quod</strong></span> <span class='ocrx_word' id='word_1_14' title='bbox 382 575 407 638; x_wconf 96' lang='grc' dir='ltr'>Α</span> <span class='ocrx_word' id='word_1_15' title='bbox 428 559 492 638; x_wconf 80' lang='grc'><strong>553</strong></span> <span class='ocrx_word' id='word_1_16' title='bbox 514 585 640 656; x_wconf 90' lang='lat' dir='ltr'><strong>uterque</strong></span> <span class='ocrx_word' id='word_1_17' title='bbox 667 585 790 656; x_wconf 92' lang='lat' dir='ltr'><strong>propter</strong></span> <span class='ocrx_word' id='word_1_18' title='bbox 812 578 952 655; x_wconf 86' lang='lat' dir='ltr'><strong>digammi</strong></span> <span class='ocrx_word' id='word_1_19' title='bbox 974 579 1162 638; x_wconf 73' lang='lat' dir='ltr'><strong>inscientiam</strong></span> <span class='ocrx_word' id='word_1_20' title='bbox 1186 579 1217 638; x_wconf 90' lang='lat' dir='ltr'><strong>in</strong></span> <span class='ocrx_word' id='word_1_21' title='bbox 1240 596 1309 638; x_wconf 90' lang='lat' dir='ltr'><strong>ean·</strong></span> 
     </span>
     <span class='ocr_line' id='line_1_4' title="bbox 141 679 1311 759; baseline -0.001 -20"><span class='ocrx_word' id='word_1_22' title='bbox 141 681 212 740; x_wconf 89' lang='lat' dir='ltr'><strong>dem</strong></span> <span class='ocrx_word' id='word_1_23' title='bbox 229 679 332 739; x_wconf 88' lang='lat' dir='ltr'><strong>lalsam</strong></span> <span class='ocrx_word' id='word_1_24' title='bbox 355 679 475 738; x_wconf 90' lang='lat' dir='ltr'><strong>lonicae</strong></span> <span class='ocrx_word' id='word_1_25' title='bbox 491 680 657 756; x_wconf 78' lang='lat' dir='ltr'><strong>scripturae</strong></span> <span class='ocrx_word' id='word_1_26' title='bbox 679 680 960 757; x_wconf 75' lang='lat' dir='ltr'><strong>interpretationem</strong></span> <span class='ocrx_word' id='word_1_27' title='bbox 982 679 1168 749; x_wconf 90' lang='lat' dir='ltr'><strong>inciderunt,</strong></span> <span class='ocrx_word' id='word_1_28' title='bbox 1193 679 1229 739; x_wconf 89' lang='lat' dir='ltr'><strong>de</strong></span> <span class='ocrx_word' id='word_1_29' title='bbox 1251 698 1311 759; x_wconf 93' lang='lat' dir='ltr'><strong>quo</strong></span> 
     </span>
     <span class='ocr_line' id='line_1_5' title="bbox 141 778 1310 860; baseline 0 -20"><span class='ocrx_word' id='word_1_30' title='bbox 141 782 209 840; x_wconf 89' lang='lat' dir='ltr'><strong>loco</strong></span> <span class='ocrx_word' id='word_1_31' title='bbox 243 781 321 839; x_wconf 90' lang='lat' dir='ltr'><strong>inlra</strong></span> <span class='ocrx_word' id='word_1_32' title='bbox 356 778 481 839; x_wconf 89' lang='lat' dir='ltr'><strong>uberius</strong></span> <span class='ocrx_word' id='word_1_33' title='bbox 514 797 705 859; x_wconf 81' lang='lat' dir='ltr'><strong>exponemus,</strong></span> <span class='ocrx_word' id='word_1_34' title='bbox 760 780 944 841; x_wconf 85' lang='lat' dir='ltr'><strong>Documento</strong></span> <span class='ocrx_word' id='word_1_35' title='bbox 984 788 1053 841; x_wconf 90' lang='lat' dir='ltr'><strong>sunt</strong></span> <span class='ocrx_word' id='word_1_36' title='bbox 1085 781 1160 841; x_wconf 91' lang='lat' dir='ltr'><strong>aliae</strong></span> <span class='ocrx_word' id='word_1_37' title='bbox 1193 799 1310 860; x_wconf 91' lang='lat' dir='ltr'><strong>quoque</strong></span> 
     </span>
     <span class='ocr_line' id='line_1_6' title="bbox 140 880 1310 961; baseline 0.001 -20"><span class='ocrx_word' id='word_1_38' title='bbox 140 883 287 941; x_wconf 90' lang='lat' dir='ltr'><strong>lectiones</strong></span> <span class='ocrx_word' id='word_1_39' title='bbox 310 880 477 950; x_wconf 82' lang='lat' dir='ltr'><strong>Rhianeae‚</strong></span> <span class='ocrx_word' id='word_1_40' title='bbox 507 899 584 960; x_wconf 90' lang='lat' dir='ltr'><strong>quae</strong></span> <span class='ocrx_word' id='word_1_41' title='bbox 606 899 666 961; x_wconf 93' lang='lat' dir='ltr'><strong>quo</strong></span> <span class='ocrx_word' id='word_1_42' title='bbox 684 881 772 942; x_wconf 94' lang='lat' dir='ltr'><strong>modo</strong></span> <span class='ocrx_word' id='word_1_43' title='bbox 795 890 883 942; x_wconf 89' lang='lat' dir='ltr'><strong>natae</strong></span> <span class='ocrx_word' id='word_1_44' title='bbox 906 883 983 951; x_wconf 90' lang='lat' dir='ltr'><strong>sint,</strong></span> <span class='ocrx_word' id='word_1_45' title='bbox 1007 882 1246 942; x_wconf 88' lang='lat' dir='ltr'><strong>commodissime</strong></span> <span class='ocrx_word' id='word_1_46' title='bbox 1269 884 1310 942; x_wconf 92' lang='lat' dir='ltr'><strong>ita</strong></span> 
     </span>
     <span class='ocr_line' id='line_1_7' title="bbox 140 983 1310 1062; baseline 0.001 -20"><span class='ocrx_word' id='word_1_47' title='bbox 140 983 341 1061; x_wconf 74' lang='lat' dir='ltr'><strong>explicamus,</strong></span> <span class='ocrx_word' id='word_1_48' title='bbox 383 990 414 1042; x_wconf 91' lang='lat' dir='ltr'><strong>ut</strong></span> <span class='ocrx_word' id='word_1_49' title='bbox 448 989 582 1042; x_wconf 90' lang='lat' dir='ltr'><strong>veterum</strong></span> <span class='ocrx_word' id='word_1_50' title='bbox 618 983 832 1042; x_wconf 87' lang='lat' dir='ltr'><strong>elementorum</strong></span> <span class='ocrx_word' id='word_1_51' title='bbox 866 983 988 1052; x_wconf 92' lang='lat' dir='ltr'><strong>ductus,</strong></span> <span class='ocrx_word' id='word_1_52' title='bbox 1023 985 1151 1062; x_wconf 90' lang='lat' dir='ltr'><strong>scriptos</strong></span> <span class='ocrx_word' id='word_1_53' title='bbox 1184 984 1310 1043; x_wconf 84' lang='lat' dir='ltr'><strong>tortasse</strong></span> 
     </span>
     <span class='ocr_line' id='line_1_8' title="bbox 140 1082 1309 1162; baseline 0 -19"><span class='ocrx_word' id='word_1_54' title='bbox 140 1087 243 1144; x_wconf 91' lang='lat' dir='ltr'><strong>minus</strong></span> <span class='ocrx_word' id='word_1_55' title='bbox 266 1083 405 1142; x_wconf 91' lang='lat' dir='ltr'><strong>distincte</strong></span> <span class='ocrx_word' id='word_1_56' title='bbox 428 1091 478 1143; x_wconf 90' lang='lat' dir='ltr'><strong>aut</strong></span> <span class='ocrx_word' id='word_1_57' title='bbox 500 1085 644 1162; x_wconf 89' lang='lat' dir='ltr'><strong>temporis</strong></span> <span class='ocrx_word' id='word_1_58' title='bbox 674 1083 802 1144; x_wconf 89' lang='lat' dir='ltr'><strong>decursu</strong></span> <span class='ocrx_word' id='word_1_59' title='bbox 830 1082 926 1144; x_wconf 90' lang='lat' dir='ltr'><strong>laesos</strong></span> <span class='ocrx_word' id='word_1_60' title='bbox 954 1085 1065 1144; x_wconf 87' lang='lat' dir='ltr'><strong>variam</strong></span> <span class='ocrx_word' id='word_1_61' title='bbox 1087 1085 1309 1160; x_wconf 90' lang='lat' dir='ltr'><strong>interpretatio·</strong></span> 
     </span>
     <span class='ocr_line' id='line_1_9' title="bbox 140 1183 1310 1246; baseline 0.001 -2"><span class='ocrx_word' id='word_1_62' title='bbox 140 1203 212 1246; x_wconf 91' lang='lat' dir='ltr'><strong>nem</strong></span> <span class='ocrx_word' id='word_1_63' title='bbox 241 1183 398 1245; x_wconf 89' lang='lat' dir='ltr'><strong>admisisse</strong></span> <span class='ocrx_word' id='word_1_64' title='bbox 426 1191 599 1245; x_wconf 87' lang='lat' dir='ltr'><strong>statuamus.</strong></span> <span class='ocrx_word' id='word_1_65' title='bbox 635 1184 711 1245; x_wconf 83' lang='lat' dir='ltr'><strong>&#39;lres</strong></span> <span class='ocrx_word' id='word_1_66' title='bbox 733 1205 769 1246; x_wconf 84' lang='lat' dir='ltr'><strong>ex</strong></span> <span class='ocrx_word' id='word_1_67' title='bbox 792 1185 847 1245; x_wconf 91' lang='lat' dir='ltr'><strong>hac</strong></span> <span class='ocrx_word' id='word_1_68' title='bbox 870 1185 1004 1246; x_wconf 86' lang='lat' dir='ltr'><strong>editione</strong></span> <span class='ocrx_word' id='word_1_69' title='bbox 1027 1185 1170 1246; x_wconf 91' lang='lat' dir='ltr'><strong>lectiones</strong></span> <span class='ocrx_word' id='word_1_70' title='bbox 1193 1185 1310 1246; x_wconf 87' lang='lat' dir='ltr'><strong>videtur</strong></span> 
     </span>
     <span class='ocr_line' id='line_1_10' title="bbox 140 1285 942 1364; baseline 0 -18"><span class='ocrx_word' id='word_1_71' title='bbox 140 1287 327 1364; x_wconf 88' lang='lat' dir='ltr'><strong>suscepisse,</strong></span> <span class='ocrx_word' id='word_1_72' title='bbox 351 1303 427 1363; x_wconf 89' lang='lat' dir='ltr'><strong>quae</strong></span> <span class='ocrx_word' id='word_1_73' title='bbox 449 1287 585 1363; x_wconf 86' lang='lat' dir='ltr'><strong>proximo</strong></span> <span class='ocrx_word' id='word_1_74' title='bbox 607 1288 703 1364; x_wconf 89' lang='lat' dir='ltr'><strong>capite</strong></span> <span class='ocrx_word' id='word_1_75' title='bbox 727 1285 942 1348; x_wconf 91' lang='lat' dir='ltr'><strong>tractabuntur.</strong></span> 
     </span>
    </p>

    <p class='ocr_par' dir='ltr' id='par_1_3' title="bbox 141 1384 1310 1567">
     <span class='ocr_line' id='line_1_11' title="bbox 227 1384 1308 1468; baseline -0.001 -20"><span class='ocrx_word' id='word_1_76' title='bbox 227 1384 257 1448; x_wconf 89' lang='lat'><strong>3.</strong></span> <span class='ocrx_word' id='word_1_77' title='bbox 290 1385 432 1465; x_wconf 84' lang='lat' dir='ltr'><strong>Sequitur</strong></span> <span class='ocrx_word' id='word_1_78' title='bbox 455 1385 547 1446; x_wconf 92' lang='lat' dir='ltr'><strong>editio</strong></span> <span class='ocrx_word' id='word_1_79' title='bbox 570 1387 799 1458; x_wconf 83' lang='lat' dir='ltr'><strong>Antimachi,</strong></span> <span class='ocrx_word' id='word_1_80' title='bbox 824 1396 930 1468; x_wconf 91' lang='lat' dir='ltr'><strong>poetae</strong></span> <span class='ocrx_word' id='word_1_81' title='bbox 953 1387 1145 1467; x_wconf 85' lang='lat' dir='ltr'><strong>Colophonii,</strong></span> <span class='ocrx_word' id='word_1_82' title='bbox 1169 1389 1220 1467; x_wconf 89' lang='lat' dir='ltr'><strong>qui</strong></span> <span class='ocrx_word' id='word_1_83' title='bbox 1243 1387 1308 1447; x_wconf 92' lang='lat' dir='ltr'><strong>Pla-</strong></span> 
     </span>
     <span class='ocr_line' id='line_1_12' title="bbox 141 1487 1310 1567; baseline -0.001 -18"><span class='ocrx_word' id='word_1_84' title='bbox 141 1492 223 1550; x_wconf 87' lang='lat' dir='ltr'><strong>tonis</strong></span> <span class='ocrx_word' id='word_1_85' title='bbox 246 1488 377 1567; x_wconf 89' lang='lat' dir='ltr'><strong>aequalis</strong></span> <span class='ocrx_word' id='word_1_86' title='bbox 399 1487 469 1566; x_wconf 61' lang='lat' dir='ltr'><strong>plus*</strong></span> <span class='ocrx_word' id='word_1_87' title='bbox 488 1495 607 1548; x_wconf 89' lang='lat' dir='ltr'><strong>centum</strong></span> <span class='ocrx_word' id='word_1_88' title='bbox 630 1490 717 1548; x_wconf 92' lang='lat' dir='ltr'><strong>annis</strong></span> <span class='ocrx_word' id='word_1_89' title='bbox 739 1496 807 1550; x_wconf 88' lang='lat' dir='ltr'><strong>ante</strong></span> <span class='ocrx_word' id='word_1_90' title='bbox 822 1489 971 1550; x_wconf 87' lang='lat' dir='ltr'><strong>Rhianum</strong></span> <span class='ocrx_word' id='word_1_91' title='bbox 994 1497 1071 1558; x_wconf 89' lang='lat' dir='ltr'><strong>erat;</strong></span> <span class='ocrx_word' id='word_1_92' title='bbox 1096 1509 1131 1550; x_wconf 88' lang='lat' dir='ltr'><strong>ex</strong></span> <span class='ocrx_word' id='word_1_93' title='bbox 1154 1507 1188 1550; x_wconf 91' lang='lat' dir='ltr'><strong>ea</strong></span> <span class='ocrx_word' id='word_1_94' title='bbox 1211 1489 1310 1549; x_wconf 89' lang='lat' dir='ltr'><strong>hausit</strong></span> 
     </span>
    </p>

    <p class='ocr_par' dir='ltr' id='par_1_4' title="bbox 139 1688 1307 1870">
     <span class='ocr_line' id='line_1_13' title="bbox 228 1688 1307 1770; baseline 0 -19"><span class='ocrx_word' id='word_1_95' title='bbox 228 1688 258 1751; x_wconf 90' lang='lat'><strong>4.</strong></span> <span class='ocrx_word' id='word_1_96' title='bbox 291 1690 402 1751; x_wconf 82' lang='lat' dir='ltr'><strong>Chiae</strong></span> <span class='ocrx_word' id='word_1_97' title='bbox 425 1689 566 1750; x_wconf 87' lang='lat' dir='ltr'><strong>editionis</strong></span> <span class='ocrx_word' id='word_1_98' title='bbox 589 1691 751 1770; x_wconf 83' lang='lat' dir='ltr'><strong>exemplari</strong></span> <span class='ocrx_word' id='word_1_99' title='bbox 779 1709 849 1753; x_wconf 91' lang='lat' dir='ltr'><strong>usus</strong></span> <span class='ocrx_word' id='word_1_100' title='bbox 877 1700 936 1762; x_wconf 89' lang='lat' dir='ltr'><strong>est,</strong></span> <span class='ocrx_word' id='word_1_101' title='bbox 966 1710 1033 1753; x_wconf 90' lang='lat' dir='ltr'><strong>cum</strong></span> <span class='ocrx_word' id='word_1_102' title='bbox 1055 1691 1146 1752; x_wconf 89' lang='lat' dir='ltr'><strong>semel</strong></span> <span class='ocrx_word' id='word_1_103' title='bbox 1176 1689 1213 1768; x_wconf 80' lang='grc' dir='ltr'><strong>(Υ</strong></span> <span class='ocrx_word' id='word_1_104' title='bbox 1238 1688 1307 1770; x_wconf 85' lang='grc'>188)</span> 
     </span>
     <span class='ocr_line' id='line_1_14' title="bbox 139 1794 775 1870; baseline -0.003 -16"><span class='ocrx_word' id='word_1_105' title='bbox 139 1795 377 1854; x_wconf 79' lang='lat' dir='ltr'><strong>hancsecutum</strong></span> <span class='ocrx_word' id='word_1_106' title='bbox 400 1809 465 1851; x_wconf 91' lang='lat' dir='ltr'><strong>esse</strong></span> <span class='ocrx_word' id='word_1_107' title='bbox 487 1807 556 1852; x_wconf 91' lang='lat' dir='ltr'><strong>eum</strong></span> <span class='ocrx_word' id='word_1_108' title='bbox 579 1794 775 1870; x_wconf 89' lang='lat' dir='ltr'><strong>reperiamus.</strong></span> 
     </span>
    </p>

    <p class='ocr_par' dir='ltr' id='par_1_5' title="bbox 138 1891 1309 2174">
     <span class='ocr_line' id='line_1_15' title="bbox 226 1891 1307 1974; baseline -0.002 -18"><span class='ocrx_word' id='word_1_109' title='bbox 226 1891 257 1956; x_wconf 85' lang='lat'><strong>5.</strong></span> <span class='ocrx_word' id='word_1_110' title='bbox 300 1893 577 1954; x_wconf 86' lang='lat' dir='ltr'><strong>Massiliensem</strong></span> <span class='ocrx_word' id='word_1_111' title='bbox 610 1893 789 1964; x_wconf 87' lang='lat' dir='ltr'><strong>editionem,</strong></span> <span class='ocrx_word' id='word_1_112' title='bbox 824 1913 858 1954; x_wconf 86' lang='lat' dir='ltr'><strong>ex</strong></span> <span class='ocrx_word' id='word_1_113' title='bbox 888 1913 945 1974; x_wconf 90' lang='lat' dir='ltr'><strong>qua</strong></span> <span class='ocrx_word' id='word_1_114' title='bbox 973 1894 1121 1954; x_wconf 85' lang='lat' dir='ltr'><strong>Rhianum</strong></span> <span class='ocrx_word' id='word_1_115' title='bbox 1149 1894 1307 1954; x_wconf 91' lang='lat' dir='ltr'><strong>lectionem</strong></span> 
     </span>
     <span class='ocr_line' id='line_1_16' title="bbox 138 1992 1309 2074; baseline -0.003 -15"><span class='ocrx_word' id='word_1_116' title='bbox 138 1993 228 2059; x_wconf 80' lang='grc' dir='ltr'><strong>Α97</strong></span> <span class='ocrx_word' id='word_1_117' title='bbox 258 1994 479 2073; x_wconf 88' lang='lat' dir='ltr'><strong>deprompsisse</strong></span> <span class='ocrx_word' id='word_1_118' title='bbox 506 1996 565 2055; x_wconf 89' lang='lat' dir='ltr'><strong>iam</strong></span> <span class='ocrx_word' id='word_1_119' title='bbox 594 2013 683 2074; x_wconf 90' lang='lat' dir='ltr'><strong>supra</strong></span> <span class='ocrx_word' id='word_1_120' title='bbox 713 2003 977 2056; x_wconf 89' lang='lat' dir='ltr'><strong>commemoratum</strong></span> <span class='ocrx_word' id='word_1_121' title='bbox 1006 2003 1065 2065; x_wconf 90' lang='lat' dir='ltr'><strong>est,</strong></span> <span class='ocrx_word' id='word_1_122' title='bbox 1095 1997 1185 2056; x_wconf 87' lang='lat' dir='ltr'><strong>etiam</strong></span> <span class='ocrx_word' id='word_1_123' title='bbox 1213 1994 1245 2057; x_wconf 96' lang='grc' dir='ltr'>Π</span> <span class='ocrx_word' id='word_1_124' title='bbox 1266 1992 1309 2055; x_wconf 83' lang='lat'><strong>59</strong></span> 
     </span>
     <span class='ocr_line' id='line_1_17' title="bbox 139 2097 454 2174; baseline -0.01 -17"><span class='ocrx_word' id='word_1_125' title='bbox 139 2099 252 2157; x_wconf 90' lang='lat' dir='ltr'><strong>ceteris</strong></span> <span class='ocrx_word' id='word_1_126' title='bbox 275 2097 454 2174; x_wconf 87' lang='lat' dir='ltr'><strong>anteposuit.</strong></span> 
     </span>
    </p>

    <p class='ocr_par' dir='ltr' id='par_1_6' title="bbox 138 2195 1307 2886">
     <span class='ocr_line' id='line_1_18' title="bbox 226 2195 1307 2275; baseline -0.001 -17"><span class='ocrx_word' id='word_1_127' title='bbox 226 2195 258 2258; x_wconf 92' lang='grc'><strong>6.</strong></span> <span class='ocrx_word' id='word_1_128' title='bbox 289 2197 342 2257; x_wconf 85' lang='lat' dir='ltr'><strong>ilis</strong></span> <span class='ocrx_word' id='word_1_129' title='bbox 364 2199 492 2258; x_wconf 88' lang='lat' dir='ltr'><strong>sortasse</strong></span> <span class='ocrx_word' id='word_1_130' title='bbox 515 2196 698 2275; x_wconf 84' lang='lat' dir='ltr'><strong>subiungere</strong></span> <span class='ocrx_word' id='word_1_131' title='bbox 720 2198 790 2260; x_wconf 90' lang='lat' dir='ltr'><strong>licet</strong></span> <span class='ocrx_word' id='word_1_132' title='bbox 812 2197 947 2258; x_wconf 88' lang='lat' dir='ltr'><strong>urbicam</strong></span> <span class='ocrx_word' id='word_1_133' title='bbox 970 2197 1133 2259; x_wconf 89' lang='lat' dir='ltr'><strong>editionem</strong></span> <span class='ocrx_word' id='word_1_134' title='bbox 1157 2198 1307 2258; x_wconf 83' lang='lat' dir='ltr'><strong>Creten-</strong></span> 
     </span>
     <span class='ocr_line' id='line_1_19' title="bbox 139 2296 1307 2380; baseline -0.002 -20"><span class='ocrx_word' id='word_1_135' title='bbox 139 2319 215 2360; x_wconf 91' lang='lat' dir='ltr'><strong>sem</strong></span> <span class='ocrx_word' id='word_1_136' title='bbox 240 2298 306 2377; x_wconf 89' lang='lat' dir='ltr'><strong>(clr.</strong></span> <span class='ocrx_word' id='word_1_137' title='bbox 330 2299 370 2359; x_wconf 89' lang='lat' dir='ltr'><strong>La</strong></span> <span class='ocrx_word' id='word_1_138' title='bbox 393 2298 524 2359; x_wconf 90' lang='lat' dir='ltr'><strong>Rochius</strong></span> <span class='ocrx_word' id='word_1_139' title='bbox 539 2297 661 2359; x_wconf 84' lang='lat' dir='ltr'><strong>Textkr.</strong></span> <span class='ocrx_word' id='word_1_140' title='bbox 685 2318 714 2378; x_wconf 90' lang='lat' dir='ltr'><strong>p.</strong></span> <span class='ocrx_word' id='word_1_141' title='bbox 730 2296 798 2380; x_wconf 86' lang='lat'><strong>20):</strong></span> <span class='ocrx_word' id='word_1_142' title='bbox 821 2317 890 2360; x_wconf 89' lang='lat' dir='ltr'><strong>nam</strong></span> <span class='ocrx_word' id='word_1_143' title='bbox 913 2317 981 2360; x_wconf 91' lang='lat' dir='ltr'><strong>cum</strong></span> <span class='ocrx_word' id='word_1_144' title='bbox 1003 2299 1064 2359; x_wconf 92' lang='lat' dir='ltr'><strong>illis</strong></span> <span class='ocrx_word' id='word_1_145' title='bbox 1086 2302 1146 2359; x_wconf 92' lang='lat' dir='ltr'><strong>iam</strong></span> <span class='ocrx_word' id='word_1_146' title='bbox 1163 2302 1307 2377; x_wconf 90' lang='lat' dir='ltr'><strong>tempori-</strong></span> 
     </span>
     <span class='ocr_line' id='line_1_20' title="bbox 139 2399 1307 2479; baseline -0.002 -18"><span class='ocrx_word' id='word_1_147' title='bbox 139 2401 198 2462; x_wconf 90' lang='lat' dir='ltr'><strong>bus</strong></span> <span class='ocrx_word' id='word_1_148' title='bbox 220 2403 337 2478; x_wconf 87' lang='lat' dir='ltr'><strong>vigcnte</strong></span> <span class='ocrx_word' id='word_1_149' title='bbox 365 2399 487 2459; x_wconf 90' lang='lat' dir='ltr'><strong>libraria</strong></span> <span class='ocrx_word' id='word_1_150' title='bbox 516 2399 643 2478; x_wconf 89' lang='lat' dir='ltr'><strong>quadam</strong></span> <span class='ocrx_word' id='word_1_151' title='bbox 671 2408 839 2461; x_wconf 90' lang='lat' dir='ltr'><strong>mercatura</strong></span> <span class='ocrx_word' id='word_1_152' title='bbox 867 2400 945 2462; x_wconf 86' lang='lat' dir='ltr'><strong>haud</strong></span> <span class='ocrx_word' id='word_1_153' title='bbox 975 2401 1064 2462; x_wconf 89' lang='lat' dir='ltr'><strong>dubie</strong></span> <span class='ocrx_word' id='word_1_154' title='bbox 1094 2400 1307 2479; x_wconf 82' lang='lat' dir='ltr'><strong>exemplarium</strong></span> 
     </span>
     <span class='ocr_line' id='line_1_21' title="bbox 138 2497 1306 2582; baseline 0 -20"><span class='ocrx_word' id='word_1_155' title='bbox 138 2505 227 2581; x_wconf 89' lang='lat' dir='ltr'><strong>copia</strong></span> <span class='ocrx_word' id='word_1_156' title='bbox 252 2509 331 2561; x_wconf 90' lang='lat' dir='ltr'><strong>esset</strong></span> <span class='ocrx_word' id='word_1_157' title='bbox 353 2501 429 2580; x_wconf 92' lang='lat' dir='ltr'><strong>apud</strong></span> <span class='ocrx_word' id='word_1_158' title='bbox 453 2499 617 2561; x_wconf 90' lang='lat' dir='ltr'><strong>litteratum</strong></span> <span class='ocrx_word' id='word_1_159' title='bbox 640 2520 788 2581; x_wconf 88' lang='lat' dir='ltr'><strong>quemque</strong></span> <span class='ocrx_word' id='word_1_160' title='bbox 821 2501 898 2582; x_wconf 84' lang='lat' dir='ltr'><strong>(vide</strong></span> <span class='ocrx_word' id='word_1_161' title='bbox 921 2503 1060 2563; x_wconf 89' lang='lat' dir='ltr'><strong>Wolfium</strong></span> <span class='ocrx_word' id='word_1_162' title='bbox 1082 2503 1157 2582; x_wconf 91' lang='lat' dir='ltr'><strong>prol.</strong></span> <span class='ocrx_word' id='word_1_163' title='bbox 1180 2521 1200 2581; x_wconf 96' lang='lat' dir='ltr'><strong>p</strong></span> <span class='ocrx_word' id='word_1_164' title='bbox 1226 2497 1306 2580; x_wconf 79' lang='lat'><strong>169),</strong></span> 
     </span>
     <span class='ocr_line' id='line_1_22' title="bbox 138 2601 1306 2682; baseline -0.001 -18"><span class='ocrx_word' id='word_1_165' title='bbox 138 2622 195 2664; x_wconf 92' lang='lat' dir='ltr'><strong>cur</strong></span> <span class='ocrx_word' id='word_1_166' title='bbox 224 2622 285 2663; x_wconf 92' lang='lat' dir='ltr'><strong>non</strong></span> <span class='ocrx_word' id='word_1_167' title='bbox 314 2611 453 2682; x_wconf 89' lang='lat' dir='ltr'><strong>putemus</strong></span> <span class='ocrx_word' id='word_1_168' title='bbox 487 2601 654 2681; x_wconf 90' lang='lat' dir='ltr'><strong>possedisse</strong></span> <span class='ocrx_word' id='word_1_169' title='bbox 683 2602 846 2673; x_wconf 87' lang='lat' dir='ltr'><strong>Rhianum,</strong></span> <span class='ocrx_word' id='word_1_170' title='bbox 881 2611 913 2664; x_wconf 92' lang='lat' dir='ltr'><strong>ut</strong></span> <span class='ocrx_word' id='word_1_171' title='bbox 946 2603 1096 2664; x_wconf 92' lang='lat' dir='ltr'><strong>bominem</strong></span> <span class='ocrx_word' id='word_1_172' title='bbox 1124 2605 1306 2672; x_wconf 85' lang='lat' dir='ltr'><strong>Cretensem,</strong></span> 
     </span>
     <span class='ocr_line' id='line_1_23' title="bbox 139 2703 1307 2782; baseline -0.001 -17"><span class='ocrx_word' id='word_1_173' title='bbox 139 2705 222 2765; x_wconf 90' lang='lat' dir='ltr'><strong>illius</strong></span> <span class='ocrx_word' id='word_1_174' title='bbox 246 2703 388 2764; x_wconf 89' lang='lat' dir='ltr'><strong>editionis</strong></span> <span class='ocrx_word' id='word_1_175' title='bbox 411 2704 581 2782; x_wconf 81' lang='lat' dir='ltr'><strong>exemplari</strong></span> <span class='ocrx_word' id='word_1_176' title='bbox 619 2703 677 2764; x_wconf 90' lang='lat' dir='ltr'><strong>Sed</strong></span> <span class='ocrx_word' id='word_1_177' title='bbox 706 2723 774 2765; x_wconf 95' lang='lat' dir='ltr'><strong>cum</strong></span> <span class='ocrx_word' id='word_1_178' title='bbox 798 2723 862 2765; x_wconf 90' lang='lat' dir='ltr'><strong>eam</strong></span> <span class='ocrx_word' id='word_1_179' title='bbox 892 2705 972 2766; x_wconf 94' lang='lat' dir='ltr'><strong>nullo</strong></span> <span class='ocrx_word' id='word_1_180' title='bbox 1002 2705 1066 2765; x_wconf 90' lang='lat' dir='ltr'><strong>loco</strong></span> <span class='ocrx_word' id='word_1_181' title='bbox 1095 2712 1214 2766; x_wconf 89' lang='lat' dir='ltr'><strong>secutus</strong></span> <span class='ocrx_word' id='word_1_182' title='bbox 1242 2722 1307 2764; x_wconf 89' lang='lat' dir='ltr'><strong>esse</strong></span> 
     </span>
     <span class='ocr_line' id='line_1_24' title="bbox 139 2804 779 2886; baseline 0.002 -21"><span class='ocrx_word' id='word_1_183' title='bbox 139 2806 294 2874; x_wconf 90' lang='lat' dir='ltr'><strong>videatur,</strong></span> <span class='ocrx_word' id='word_1_184' title='bbox 319 2804 393 2865; x_wconf 91' lang='lat' dir='ltr'><strong>nihil</strong></span> <span class='ocrx_word' id='word_1_185' title='bbox 415 2807 521 2866; x_wconf 89' lang='lat' dir='ltr'><strong>attinet</strong></span> <span class='ocrx_word' id='word_1_186' title='bbox 543 2805 600 2866; x_wconf 93' lang='lat' dir='ltr'><strong>hoc</strong></span> <span class='ocrx_word' id='word_1_187' title='bbox 623 2808 779 2886; x_wconf 89' lang='lat' dir='ltr'><strong>suspicari.</strong></span> 
     </span>
    </p>

    <p class='ocr_par' dir='ltr' id='par_1_7' title="bbox 139 2906 1306 3494">
     <span class='ocr_line' id='line_1_25' title="bbox 226 2906 1306 2987; baseline 0.001 -20"><span class='ocrx_word' id='word_1_188' title='bbox 226 2906 307 2967; x_wconf 91' lang='lat' dir='ltr'><strong>Haec</strong></span> <span class='ocrx_word' id='word_1_189' title='bbox 329 2907 392 2966; x_wconf 88' lang='lat' dir='ltr'><strong>lere</strong></span> <span class='ocrx_word' id='word_1_190' title='bbox 416 2913 499 2975; x_wconf 88' lang='lat' dir='ltr'><strong>sunt,</strong></span> <span class='ocrx_word' id='word_1_191' title='bbox 529 2926 604 2987; x_wconf 87' lang='lat' dir='ltr'><strong>quae</strong></span> <span class='ocrx_word' id='word_1_192' title='bbox 632 2908 669 2968; x_wconf 91' lang='lat' dir='ltr'><strong>de</strong></span> <span class='ocrx_word' id='word_1_193' title='bbox 692 2909 790 2968; x_wconf 92' lang='lat' dir='ltr'><strong>critici</strong></span> <span class='ocrx_word' id='word_1_194' title='bbox 813 2911 905 2968; x_wconf 90' lang='lat' dir='ltr'><strong>nostri</strong></span> <span class='ocrx_word' id='word_1_195' title='bbox 930 2907 1073 2968; x_wconf 90' lang='lat' dir='ltr'><strong>subsidiis</strong></span> <span class='ocrx_word' id='word_1_196' title='bbox 1095 2908 1247 2967; x_wconf 88' lang='lat' dir='ltr'><strong>doctrinae</strong></span> <span class='ocrx_word' id='word_1_197' title='bbox 1272 2927 1306 2968; x_wconf 86' lang='lat' dir='ltr'><strong>ex</strong></span> 
     </span>
     <span class='ocr_line' id='line_1_26' title="bbox 139 3007 1305 3087; baseline -0.003 -17"><span class='ocrx_word' id='word_1_198' title='bbox 139 3009 267 3070; x_wconf 86' lang='lat' dir='ltr'><strong>scholiis</strong></span> <span class='ocrx_word' id='word_1_199' title='bbox 290 3026 395 3068; x_wconf 90' lang='lat' dir='ltr'><strong>eruere</strong></span> <span class='ocrx_word' id='word_1_200' title='bbox 418 3010 576 3087; x_wconf 83' lang='lat' dir='ltr'><strong>possimus</strong></span> <span class='ocrx_word' id='word_1_201' title='bbox 620 3009 759 3069; x_wconf 84' lang='lat' dir='ltr'><strong>Fortasse</strong></span> <span class='ocrx_word' id='word_1_202' title='bbox 782 3009 869 3069; x_wconf 91' lang='lat' dir='ltr'><strong>licuit</strong></span> <span class='ocrx_word' id='word_1_203' title='bbox 892 3011 920 3068; x_wconf 92' lang='lat' dir='ltr'><strong>ei</strong></span> <span class='ocrx_word' id='word_1_204' title='bbox 936 3011 1024 3068; x_wconf 92' lang='lat' dir='ltr'><strong>etiam</strong></span> <span class='ocrx_word' id='word_1_205' title='bbox 1041 3009 1097 3068; x_wconf 91' lang='lat' dir='ltr'><strong>alia</strong></span> <span class='ocrx_word' id='word_1_206' title='bbox 1121 3007 1213 3081; x_wconf 79' lang='lat' dir='ltr'><strong>adire,</strong></span> <span class='ocrx_word' id='word_1_207' title='bbox 1238 3026 1305 3068; x_wconf 92' lang='lat' dir='ltr'><strong>cum</strong></span> 
     </span>
     <span class='ocr_line' id='line_1_27' title="bbox 139 3109 1305 3188; baseline -0.003 -17"><span class='ocrx_word' id='word_1_208' title='bbox 139 3110 323 3171; x_wconf 90' lang='lat' dir='ltr'><strong>bibliotheca</strong></span> <span class='ocrx_word' id='word_1_209' title='bbox 347 3109 545 3170; x_wconf 83' lang='lat' dir='ltr'><strong>Alexandrina</strong></span> <span class='ocrx_word' id='word_1_210' title='bbox 568 3109 736 3170; x_wconf 90' lang='lat' dir='ltr'><strong>Homericis</strong></span> <span class='ocrx_word' id='word_1_211' title='bbox 758 3131 773 3171; x_wconf 93' lang='lat' dir='ltr'><strong>a</strong></span> <span class='ocrx_word' id='word_1_212' title='bbox 797 3111 1000 3188; x_wconf 84' lang='lat' dir='ltr'><strong>grammaticis</strong></span> <span class='ocrx_word' id='word_1_213' title='bbox 1022 3109 1073 3170; x_wconf 94' lang='lat' dir='ltr'><strong>illo</strong></span> <span class='ocrx_word' id='word_1_214' title='bbox 1096 3117 1231 3188; x_wconf 90' lang='lat' dir='ltr'><strong>tempore</strong></span> <span class='ocrx_word' id='word_1_215' title='bbox 1255 3111 1305 3169; x_wconf 89' lang='lat' dir='ltr'><strong>ad·</strong></span> 
     </span>
     <span class='ocr_line' id='line_1_28' title="bbox 140 3210 1304 3291; baseline -0.002 -18"><span class='ocrx_word' id='word_1_216' title='bbox 140 3214 307 3273; x_wconf 90' lang='lat' dir='ltr'><strong>ministrata</strong></span> <span class='ocrx_word' id='word_1_217' title='bbox 330 3212 435 3290; x_wconf 92' lang='lat' dir='ltr'><strong>procul</strong></span> <span class='ocrx_word' id='word_1_218' title='bbox 451 3210 542 3272; x_wconf 93' lang='lat' dir='ltr'><strong>dubio</strong></span> <span class='ocrx_word' id='word_1_219' title='bbox 565 3214 604 3272; x_wconf 93' lang='lat' dir='ltr'><strong>iis</strong></span> <span class='ocrx_word' id='word_1_220' title='bbox 619 3213 755 3290; x_wconf 89' lang='lat' dir='ltr'><strong>scriptis,</strong></span> <span class='ocrx_word' id='word_1_221' title='bbox 779 3229 854 3291; x_wconf 91' lang='lat' dir='ltr'><strong>quae</strong></span> <span class='ocrx_word' id='word_1_222' title='bbox 871 3211 906 3271; x_wconf 93' lang='lat' dir='ltr'><strong>ad</strong></span> <span class='ocrx_word' id='word_1_223' title='bbox 923 3211 1084 3272; x_wconf 90' lang='lat' dir='ltr'><strong>llomerum</strong></span> <span class='ocrx_word' id='word_1_224' title='bbox 1106 3212 1304 3289; x_wconf 89' lang='lat' dir='ltr'><strong>pertinerent,</strong></span> 
     </span>
     <span class='ocr_line' id='line_1_29' title="bbox 140 3313 1306 3392; baseline 0.001 -20"><span class='ocrx_word' id='word_1_225' title='bbox 140 3314 374 3373; x_wconf 91' lang='lat' dir='ltr'><strong>instructissima</strong></span> <span class='ocrx_word' id='word_1_226' title='bbox 403 3320 497 3383; x_wconf 89' lang='lat' dir='ltr'><strong>esset;</strong></span> <span class='ocrx_word' id='word_1_227' title='bbox 526 3313 578 3374; x_wconf 88' lang='lat' dir='ltr'><strong>scd</strong></span> <span class='ocrx_word' id='word_1_228' title='bbox 606 3313 683 3373; x_wconf 89' lang='lat' dir='ltr'><strong>ultra</strong></span> <span class='ocrx_word' id='word_1_229' title='bbox 713 3313 785 3373; x_wconf 91' lang='lat' dir='ltr'><strong>haec</strong></span> <span class='ocrx_word' id='word_1_230' title='bbox 814 3313 974 3374; x_wconf 90' lang='lat' dir='ltr'><strong>divinando</strong></span> <span class='ocrx_word' id='word_1_231' title='bbox 1003 3313 1166 3392; x_wconf 91' lang='lat' dir='ltr'><strong>procedere</strong></span> <span class='ocrx_word' id='word_1_232' title='bbox 1194 3317 1222 3373; x_wconf 93' lang='lat' dir='ltr'><strong>in</strong></span> <span class='ocrx_word' id='word_1_233' title='bbox 1252 3313 1306 3373; x_wconf 88' lang='lat' dir='ltr'><strong>bac</strong></span> 
     </span>
     <span class='ocr_line' id='line_1_30' title="bbox 140 3414 987 3494; baseline -0.001 -19"><span class='ocrx_word' id='word_1_234' title='bbox 140 3423 274 3476; x_wconf 89' lang='lat' dir='ltr'><strong>veterum</strong></span> <span class='ocrx_word' id='word_1_235' title='bbox 299 3416 537 3474; x_wconf 88' lang='lat' dir='ltr'><strong>testimoniorum</strong></span> <span class='ocrx_word' id='word_1_236' title='bbox 560 3417 685 3494; x_wconf 89' lang='lat' dir='ltr'><strong>penuria</strong></span> <span class='ocrx_word' id='word_1_237' title='bbox 708 3414 908 3494; x_wconf 86' lang='lat' dir='ltr'><strong>periculosum</strong></span> <span class='ocrx_word' id='word_1_238' title='bbox 933 3422 987 3475; x_wconf 92' lang='lat' dir='ltr'><strong>est.</strong></span> 
     </span>
    </p>
   </div>
   <div class='ocr_carea' id='block_1_3' title="bbox 623 3652 824 3660">
    <p class='ocr_par' dir='ltr' id='par_1_8' title="bbox 623 3652 824 3660">
     <span class='ocr_line' id='line_1_31' title="bbox 623 3652 824 3660; baseline -0.01 0"><span class='ocrx_word' id='word_1_239' title='bbox 623 3652 824 3660; x_wconf 61' lang='lat' dir='ltr'><strong>ffl—</strong></span> 
     </span>
    </p>
   </div>
   <div class='ocr_carea' id='block_1_4' title="bbox 704 3851 746 3928">
    <p class='ocr_par' dir='ltr' id='par_1_9' title="bbox 704 3851 746 3928">
     <span class='ocr_line' id='line_1_32' title="bbox 704 3851 746 3928; baseline 0.048 -2"><span class='ocrx_word' id='word_1_240' title='bbox 704 3851 746 3928; x_wconf 82' lang='lat' dir='ltr'><strong>V.</strong></span> 
     </span>
    </p>
   </div>
   <div class='ocr_carea' id='block_1_5' title="bbox 139 4023 1305 4307">
    <p class='ocr_par' dir='ltr' id='par_1_10' title="bbox 139 4023 1305 4307">
     <span class='ocr_line' id='line_1_33' title="bbox 226 4023 1304 4106; baseline 0 -22"><span class='ocrx_word' id='word_1_241' title='bbox 226 4023 408 4084; x_wconf 80' lang='lat' dir='ltr'><strong>Accedamus</strong></span> <span class='ocrx_word' id='word_1_242' title='bbox 430 4042 510 4084; x_wconf 91' lang='lat' dir='ltr'><strong>nuno</strong></span> <span class='ocrx_word' id='word_1_243' title='bbox 533 4023 568 4085; x_wconf 93' lang='lat' dir='ltr'><strong>ad</strong></span> <span class='ocrx_word' id='word_1_244' title='bbox 597 4031 686 4102; x_wconf 89' lang='lat' dir='ltr'><strong>caput</strong></span> <span class='ocrx_word' id='word_1_245' title='bbox 714 4027 920 4102; x_wconf 84' lang='lat' dir='ltr'><strong>gravissimum</strong></span> <span class='ocrx_word' id='word_1_246' title='bbox 950 4034 979 4087; x_wconf 91' lang='lat' dir='ltr'><strong>et</strong></span> <span class='ocrx_word' id='word_1_247' title='bbox 1006 4027 1038 4087; x_wconf 90' lang='lat' dir='ltr'><strong>in</strong></span> <span class='ocrx_word' id='word_1_248' title='bbox 1066 4045 1125 4106; x_wconf 91' lang='lat' dir='ltr'><strong>quo</strong></span> <span class='ocrx_word' id='word_1_249' title='bbox 1152 4023 1304 4085; x_wconf 90' lang='lat' dir='ltr'><strong>uberrima</strong></span> 
     </span>
     <span class='ocr_line' id='line_1_34' title="bbox 139 4124 1305 4206; baseline 0.003 -21"><span class='ocrx_word' id='word_1_250' title='bbox 139 4125 228 4185; x_wconf 85' lang='lat' dir='ltr'><strong>nobis</strong></span> <span class='ocrx_word' id='word_1_251' title='bbox 258 4127 298 4185; x_wconf 91' lang='lat' dir='ltr'><strong>sit</strong></span> <span class='ocrx_word' id='word_1_252' title='bbox 320 4124 489 4205; x_wconf 91' lang='lat' dir='ltr'><strong>disputandi</strong></span> <span class='ocrx_word' id='word_1_253' title='bbox 517 4127 657 4186; x_wconf 88' lang='lat' dir='ltr'><strong>materia:</strong></span> <span class='ocrx_word' id='word_1_254' title='bbox 688 4146 756 4188; x_wconf 89' lang='lat' dir='ltr'><strong>nam</strong></span> <span class='ocrx_word' id='word_1_255' title='bbox 783 4146 842 4205; x_wconf 85' lang='lat' dir='ltr'><strong>quo</strong></span> <span class='ocrx_word' id='word_1_256' title='bbox 870 4130 983 4188; x_wconf 92' lang='lat' dir='ltr'><strong>rectius</strong></span> <span class='ocrx_word' id='word_1_257' title='bbox 1010 4125 1214 4204; x_wconf 86' lang='lat' dir='ltr'><strong>intellegatur,</strong></span> <span class='ocrx_word' id='word_1_258' title='bbox 1246 4146 1305 4206; x_wconf 87' lang='lat' dir='ltr'><strong>qua</strong></span> 
     </span>
     <span class='ocr_line' id='line_1_35' title="bbox 140 4226 1303 4307; baseline 0.003 -21"><span class='ocrx_word' id='word_1_259' title='bbox 140 4229 255 4287; x_wconf 90' lang='lat' dir='ltr'><strong>ratione</strong></span> <span class='ocrx_word' id='word_1_260' title='bbox 289 4226 423 4288; x_wconf 90' lang='lat' dir='ltr'><strong>Rhianus</strong></span> <span class='ocrx_word' id='word_1_261' title='bbox 456 4228 503 4291; x_wconf 92' lang='lat' dir='ltr'><strong>his</strong></span> <span class='ocrx_word' id='word_1_262' title='bbox 538 4229 568 4287; x_wconf 92' lang='lat' dir='ltr'><strong>in</strong></span> <span class='ocrx_word' id='word_1_263' title='bbox 604 4230 811 4289; x_wconf 91' lang='lat' dir='ltr'><strong>instrumentis</strong></span> <span class='ocrx_word' id='word_1_264' title='bbox 845 4231 959 4289; x_wconf 89' lang='lat' dir='ltr'><strong>criticis</strong></span> <span class='ocrx_word' id='word_1_265' title='bbox 987 4227 1164 4288; x_wconf 88' lang='lat' dir='ltr'><strong>adhibendis</strong></span> <span class='ocrx_word' id='word_1_266' title='bbox 1197 4231 1303 4307; x_wconf 85' lang='lat' dir='ltr'><strong>egerit,</strong></span> 
     </span>
    </p>
   </div>
   <div class='ocr_carea' id='block_1_6' title="bbox 0 0 1566 4682">
    <p class='ocr_par' dir='ltr' id='par_1_11' title="bbox 0 0 1566 4682">
     <span class='ocr_line' id='line_1_36' title="bbox 0 0 1566 4682; baseline 0 0"><span class='ocrx_word' id='word_1_267' title='bbox 0 0 1566 4682; x_wconf 95' lang='lat' dir='ltr'><strong> </strong></span> 
     </span>
    </p>
   </div>
  </div>
 </body>
</html>
