3112 4684
602 287 754 382 —r—r-

91 477 270 556 plerumque
294 480 324 537 in
349 477 454 554 plurali
486 494 610 536 numero
633 477 704 554 poni
733 474 888 536 docemur.
934 475 1036 555 Neque
1065 475 1159 535 solum
1182 476 1261 536 hunc

90 596 227 647 versum,
251 579 303 638 sed
327 587 443 638 ceteros
467 595 584 655 quoque
607 576 703 645 locos,
728 579 779 654 qui
795 575 919 636 eandem
935 575 1094 636 verborum
1117 571 1259 636 coniunc-

90 682 205 738 tionem
233 679 395 758 praebent,
424 679 573 738 Rhianum
609 676 697 736 simili
733 679 848 737 ratione
882 679 1109 738 commutavisse
1137 696 1259 738 necesse

89 790 187 849 esset,
218 781 307 841 veluti
330 779 362 842 Π
386 777 447 840 128
469 778 521 842 καὶ
548 775 655 840 οὐκέτι
677 777 782 855 φυκτὰ
810 777 998 852 πέλωνται,Ι
1016 782 1032 842 ξ
1053 775 1117 840 489
1138 781 1198 842 νῦν
1226 777 1260 841 δ’

89 878 198 942 οὐκέτι
220 880 325 958 φυκτὰ
347 879 516 954 πέλονται,
545 900 564 941 υ
586 875 649 940 223
673 877 741 941 ἐπεὶ
771 877 884 942 οὐκέτ’
912 876 1030 942 ἀνεκτὰ
1051 877 1207 942 πέλονται
1230 888 1260 940 et

88 983 180 1053 alios,
203 1001 279 1061 quos
300 983 402 1042 videre
425 983 496 1044 licet
518 982 595 1059 apud
611 980 797 1060 llruegerum
820 1000 866 1058 gr.
890 997 934 1057 gr.
952 980 976 1040 ll
1001 976 1090 1059 §44
1106 978 1136 1051 3,
1154 978 1259 1042 8-10

88 1083 159 1144 coll.
183 1083 196 1143 Ι
219 1081 243 1162 §
265 1080 316 1153 43,
340 1081 370 1153 4,
396 1080 445 1144 13.
491 1083 549 1143 Sed
572 1084 700 1143 sortasse
732 1083 865 1144 Rhiauus
888 1080 1066 1160 opinabatur
1094 1081 1257 1143 Homerum

88 1185 272 1262 singularem
307 1203 463 1245 numerum
497 1203 557 1244 non
590 1184 760 1254 admisisse,
794 1186 853 1244 nisi
887 1183 939 1243 ubi
967 1191 1063 1244 metro
1091 1183 1257 1245 cedendum

20 1305 21 1318 ¹
87 1294 184 1354 esset,
207 1287 265 1346 hoc
287 1295 386 1347 autem
409 1286 474 1346 loco
498 1288 629 1365 optativo
652 1287 749 1362 posito
771 1287 926 1346 metricam
949 1285 1025 1346 hanc
1047 1288 1257 1346 necessilatem

86 1387 244 1448 commode
267 1405 354 1465 posse
378 1389 493 1448 evitari.
539 1389 576 1447 At
598 1387 678 1447 idem
700 1387 821 1448 caderet
843 1389 874 1447 in
896 1384 928 1448 Π
946 1382 1020 1456 128,
1044 1385 1095 1446 ubi
1117 1405 1172 1465 per
1194 1407 1255 1447 me-

86 1499 170 1548 trum
193 1489 265 1565 lioet
285 1487 419 1566 πέληται
441 1488 592 1556 scribere;
623 1489 731 1548 deinde
759 1507 830 1548 vero
857 1487 1052 1548 indicativum
1081 1488 1170 1548 huius
1198 1488 1255 1548 loci

85 1589 258 1650 condicioni
281 1591 373 1650 multo
396 1592 543 1670 aptiorem
567 1609 632 1650 esse
655 1609 741 1669 quam
765 1592 943 1668 optativum,
968 1608 1027 1668 quo
1050 1607 1084 1649 ea
1108 1589 1196 1649 verba
1219 1608 1255 1649 er

84 1692 192 1752 Martis
207 1693 389 1771 Venerisque
413 1695 559 1752 sententia
582 1692 658 1753 dicta
675 1711 739 1752 esse
756 1693 976 1769 significentur,
1001 1692 1068 1769 quis
1083 1707 1142 1750 non
1157 1690 1256 1749 videt?

83 1793 170 1862 Quae
193 1812 260 1853 cum
284 1796 325 1853 ita
349 1795 423 1862 sint,
451 1794 633 1870 persuadere
662 1793 733 1852 mihi
763 1811 823 1852 non
851 1810 988 1870 possum,
1018 1791 1078 1852 illis
1107 1790 1254 1851 Rhianum

85 1894 195 1972 inpelli
222 1897 492 1984 potuissecausis,
522 1914 556 1954 ac
580 1901 710 1954 statuere
733 1894 824 1962 malo,
853 1911 953 1952 veram
983 1895 1049 1953 eius
1074 1895 1254 1971 scripturam

84 1995 299 2074 ignorantibus
321 1995 484 2073 praecisam
513 1994 601 2056 uobis
629 2014 693 2056 esse
723 1996 759 2056 de
788 1995 844 2054 hoc
866 2013 954 2054 versu
982 1993 1134 2055 iudicandi
1162 1993 1253 2054 lacul-

84 2107 190 2159 tatem.

173 2197 278 2261 1491.
324 2200 421 2260 Vlixes
443 2207 476 2260 ut
498 2200 625 2278 primum
650 2198 854 2258 crudelitatem
879 2197 1014 2276 Cyclopis
1037 2197 1154 2274 elingit,
1177 2195 1303 2261 tem-38

64 2321 194 2380 pecare
228 2301 284 2362 sihi
314 2321 373 2362 non
405 2309 517 2379 polest,
552 2303 625 2381 quiu
653 2319 721 2361 eum
750 2301 890 2360 conviciis
913 2299 1102 2380 adloquatur;
1132 2298 1181 2358 ille
1209 2300 1251 2358 ira

82 2412 254 2464 commotus
275 2405 403 2464 immane
427 2422 529 2463 saxum
552 2405 583 2462 ln
611 2421 693 2462 mare
716 2403 820 2471 deicit,
850 2409 882 2461 ut
904 2402 987 2462 navis
1008 2400 1045 2460 ad
1067 2399 1137 2460 litus
1159 2418 1252 2478 usque

82 2506 268 2582 repellatur;
301 2505 559 2566 vehementissimo
587 2506 713 2581 remigio
741 2503 904 2564 cavendum
933 2510 992 2571 est,
1021 2520 1058 2563 ne
1086 2503 1194 2561 ite'rnm
1222 2503 1252 2560 in

82 2615 265 2685 potestatem
287 2609 413 2667 monstri
435 2607 577 2667 horrendi
606 2605 773 2665 deveniant.
820 2603 879 2666 Sed
907 2602 959 2664 nbi
986 2603 1075 2682 duplo
1097 2602 1252 2663 intervallo

81 2709 122 2770 ab
146 2729 184 2768 eo
207 2709 309 2778 distat,
332 2709 430 2769 Vlixes
453 2709 551 2770 denuo
572 2707 688 2768 hostem
711 2705 883 2786 compellat:

215 2807 292 2872 ἀλλ’
315 2806 369 2872 ὅτε
392 2810 430 2886 δὴ
453 2810 501 2873 hic
522 2809 636 2873 τόττον
658 2805 721 2870 ἅλα
742 2805 989 2884 πρήτεοντεε
1011 2804 1152 2883 ἀπῆμεν,

214 2910 265 2974 καὶ
286 2909 358 2973 τότ’
380 2910 444 2988 ἐγὼ
469 2910 626 2974 Κύκλωπα
641 2908 845 2986 προτηύδων.

80 3015 186 3076 Schol.
210 3012 477 3090 πρήετοντεε·
500 3010 626 3076 Ῥιανὸτ
648 3009 902 3087 πλήττοντετ.
926 3010 1006 3070 ΜΗ.
1037 3010 1098 3070 Vua
1121 3009 1251 3071 litterula

79 3119 160 3178 scite
185 3123 296 3176 mutata
318 3114 451 3176 Rhianus
472 3115 630 3175 lectionem
656 3113 824 3190 procreavit
850 3112 927 3171 haud
951 3112 1198 3172 contemnendam
1222 3120 1251 3171 et

78 3237 176 3298 quam
198 3218 358 3296 quominus
381 3219 411 3276 iu
433 3224 546 3277 textum
562 3216 745 3294 reciperent,
769 3215 920 3274 novissimi
935 3213 1064 3273 editores
1078 3214 1250 3290 gravissima

77 3319 258 3381 Buttmanui
280 3326 310 3378 et
325 3318 495 3379 lloederlini
518 3319 694 3378 auctoritate
717 3315 859 3395 prohibiti
882 3333 947 3375 esse
964 3315 1110 3374 videntur.
1149 3315 1249 3374 Burt-

77 3439 243 3482 mannus
265 3421 358 3490 enim,
388 3439 477 3499 quem
500 3421 588 3480 etiam
605 3415 773 3480 Nitzsohius
789 3418 825 3478 ad
847 3417 876 3478 h.
899 3417 918 3476 l.
936 3425 967 3476 et
989 3416 1024 3477 ad
1048 3412 1144 3494 elne
1167 3434 1251 3476 seeu-

77 3534 131 3585 tus
153 3530 210 3592 est,
231 3520 351 3600 lexilogi
372 3522 427 3582 vol.
444 3520 509 3600 llp.
529 3518 588 3581 197
604 3537 783 3599 quamquam
798 3519 944 3579 Rhianum
967 3519 1131 3597 speciosam
1147 3537 1249 3579 emcn-

78 3625 235 3686 dationem
258 3623 449 3700 proposuisse
472 3624 643 3692 confitetur,
674 3630 864 3682 tamencum
891 3621 1038 3699 primitiva
1062 3628 1092 3680 et
1113 3622 1249 3680 vetustis·

77 3729 158 3787 sima
183 3725 209 3783 vi
231 3723 315 3784 verbi
337 3724 486 3802 πρήετειν
508 3741 614 3802 parum
629 3731 785 3802 perspecta
811 3723 985 3782 mutavisset
1012 3739 1087 3800 quae
1110 3722 1249 3782 mutanda

78 3849 141 3890 nou
174 3834 290 3896 essent,
318 3845 383 3886 eam
412 3842 659 3905 supervacaneam
682 3843 746 3885 esse
776 3824 937 3885 contendit.
968 3825 1063 3902 Atque
1085 3822 1162 3883 hauc
1184 3826 1248 3902 qui·

76 3932 151 3990 dem
175 3928 353 4006 primitivam
377 3936 408 3987 et
430 3927 587 4005 genuinam
611 3925 694 3986 verbi
717 3924 865 4002 πρήττειν
880 3931 1071 4003 potestatem,
1095 3925 1247 4002 epicorum

76 4038 199 4092 tantum
232 4036 388 4105 poetarum
416 4030 446 4088 in
475 4028 673 4088 monumentis
704 4029 868 4097 inventam,
902 4045 968 4087 earn
998 4045 1064 4086 esse
1097 4026 1183 4094 dixit,
1217 4033 1249 4086 ut

74 4131 233 4208 πρήειειν
255 4130 341 4207 plane
364 4129 441 4190 idem
465 4136 544 4188 esset
566 4147 600 4190 ac
622 4126 784 4204 περαίνειν
812 4129 841 4188 h.
865 4148 892 4188 ε.
919 4129 1068 4199 coemere
1095 4127 1155 4186 sive
1176 4144 1247 4202 per-

71 4240 182 4310 ficere,
218 4231 343 4290 Munivit
370 4231 445 4290 banc
474 4230 716 4307 significationem
751 4229 893 4306 exemplis
921 4227 984 4288 his:
1021 4225 1047 4290 Λ
1073 4223 1140 4288 552
1163 4225 1182 4290 ὁ
1211 4228 1248 4293 δὲ
