3124 4682
688 291 727 356 51

654 384 676 388 —-
689 383 787 390 ——-—--

122 481 177 546 καὶ
200 479 431 561 Ἀριςτοφὰνης
454 479 724 560 αἰθρηγενεής
753 483 917 564 λέγουςιν,
945 485 1023 564 quod
1053 487 1083 546 iu
1097 487 1190 548 codd.
1208 487 1294 560 HPQ

122 587 228 646 versui
245 581 309 646 394
331 583 405 645 falso
428 587 589 661 ascriptum
608 584 776 647 Diudortius
799 603 852 646 suo
875 586 940 647 loco
956 590 1116 649 restituere
1140 587 1292 668 omisit.³⁷)

121 687 292 748 Memoratu
315 688 437 766 dignum
461 695 506 747 est
521 685 604 752 ἅπαξ
626 684 795 764 εἰρημένον
811 706 875 748 csse
894 689 925 748 id
941 708 1064 760 nomen,
1082 694 1112 751 iu
1129 711 1188 772 quo
1204 693 1293 754 Rbia·

123 807 184 848 uus
211 789 358 860 haeserit,
387 807 454 848 uam
483 786 509 850 O
535 785 588 848 ltt
624 795 652 848 et
680 785 788 850 1358
817 789 948 870 legimus
976 787 1040 853 ὑπὸ
1069 790 1162 870 ῥιπῆς
1190 791 1294 872 αἰθρη-

121 888 268 964 γενέος
292 887 415 966 Βορέαο
443 892 574 970 itemque
603 889 681 968 apud
710 889 805 968 Apoll.
829 889 923 951 Rbod.
947 889 1069 954 1v765
1096 891 1226 972 ἀνέμοις
1248 895 1294 958 αἰ-

123 990 353 1068 θρηγενέεεςιν.
384 991 477 1052 Cuius
498 992 635 1052 adiectivi
665 994 864 1052 nominativus
887 989 1074 1070 αἰθρηγενής
1103 1015 1170 1058 cum
1193 1001 1294 1058 versui

123 1093 302 1154 hexametro
335 1093 448 1154 includi
482 1111 540 1153 non
568 1100 683 1172 posset,
719 1093 878 1162 Homerus,
914 1101 946 1154 ut
968 1103 1064 1155 metro
1097 1100 1291 1169 satisfaceret,

123 1195 303 1256 auxiliarem
333 1215 422 1275 quam
450 1203 555 1256 vocant
576 1197 701 1256 sormam
725 1193 949 1273 αἰθρηγενέτης
970 1198 1069 1267 tinxit,
1099 1217 1187 1278 quam
1204 1201 1293 1262 Rhia·
1347 1223 1348 1227 ¹

123 1315 185 1357 uus
214 1305 243 1356 et
271 1297 485 1376 Aristophanes
512 1297 588 1357 hauc
616 1295 654 1356 ob
683 1315 801 1356 causam
831 1295 1014 1359 damnavisse
1043 1299 1195 1371 videntur,
1224 1305 1294 1381 quia

123 1398 184 1457 hoc
207 1416 316 1458 nomen
340 1415 428 1460 sensu
450 1400 570 1478 passivo
592 1397 762 1478 praeditum
791 1416 855 1458 esse
888 1399 1045 1477 negabant.
1083 1400 1188 1462 Omnia
1212 1405 1292 1463 euim

122 1502 247 1560 nomina
270 1503 301 1561 iu
325 1498 412 1576 -έτης
434 1502 587 1568 exeuntia,
612 1517 687 1579 quae
710 1499 786 1577 apud
809 1499 969 1560 Homerum
992 1503 1194 1574 inveniuntur,
1219 1501 1293 1566 αἰει-

121 1590 272 1678 γενέτης,
307 1599 545 1678 αἰθρηγενέτης,
584 1599 767 1680 αἰναρέτης,
807 1598 1047 1678 έκατηβελέτης,
1082 1599 1291 1685 έριβρεμέτης,

122 1700 357 1780 ὑψιβρεμέτης,
381 1701 566 1781 εὐμενέτης,
589 1700 707 1781 ἱκέτης,
737 1700 880 1782 μητιέτα,
903 1703 1156 1786 νεφεληγερέτα,
1186 1725 1292 1784 crepo-

122 1802 297 1881 πηγερέτα,
313 1801 511 1880 περιναιέτης
528 1803 592 1882 (cir.
609 1805 691 1863 dem.
708 1803 901 1862 Woeruori
919 1803 1008 1864 iudex
1024 1805 1116 1866 subst.
1135 1807 1218 1869 Hom.
1235 1817 1291 1870 cet.

122 1908 156 1965 iu
194 1922 296 1984 progr.
320 1905 424 1965 Misco.
453 1923 478 1964 a.
505 1900 586 1965 1869
613 1923 642 1983 ρ.
665 1899 717 1983 21)
753 1906 939 1964 actionem
973 1907 1141 1983 significant
1172 1918 1293 1988 praeter

123 2004 350 2084 αἰθρηγενέτης
373 2015 403 2066 et
425 2001 631 2086 αἰειγενέτης,
658 2005 747 2084 idque
776 2007 840 2066 siue
868 2005 958 2065 dubio
980 2009 1011 2066 iu
1034 2026 1121 2069 causa
1144 2011 1214 2082 sirit,
1239 2031 1292 2072 cur

122 2111 206 2168 inter
228 2115 347 2168 veteres
375 2103 629 2188 grammaticos³⁸)
664 2115 764 2167 esseut
796 2109 846 2186 qui
875 2104 1098 2184 αἰθρηγενέτης
1126 2129 1184 2170 nou
1213 2131 1291 2183 eum,

24 2289 25 2298 ἵ
122 2212 177 2290 qui
201 2213 232 2271 t'o
264 2213 339 2269 ae're
356 2213 477 2284 penitus
504 2215 597 2278 esset,
632 2207 683 2268 sed
719 2210 771 2288 qui
797 2209 900 2283 frigus
926 2219 1145 2284 progeneraret
1168 2220 1218 2273 aut
1240 2217 1291 2292 qui

24 2301 26 2332 ἰ
121 2319 282 2374 serenaret
301 2313 416 2372 caetum
439 2312 595 2389 designare
618 2310 843 2370 contenderent.
874 2308 1006 2380 Quorum
1030 2315 1206 2374 senteutiam
1230 2334 1291 2375 am-

122 2416 230 2495 plexus
252 2413 387 2474 Rhianus
409 2414 465 2474 hoc
488 2413 665 2474 adiectivum
694 2413 814 2482 reiecit,
846 2430 912 2472 cum
940 2429 1045 2492 parum
1074 2421 1141 2492 apte
1164 2415 1291 2476 Boream

122 2514 150 2579 0
174 2513 236 2577 171
260 2523 291 2576 et
312 2513 337 2578 Τ
358 2511 420 2577 358
443 2517 474 2576 iu
498 2521 566 2577 aere
597 2516 731 2592 genitum
759 2513 945 2594 eundemque
968 2532 984 2576 ε
1006 2509 1069 2575 296
1097 2517 1229 2595 epitheto
1253 2521 1292 2578 si-

122 2619 251 2679 millimo
273 2619 369 2696 irigus
391 2619 514 2695 gignere
538 2617 596 2676 dici
613 2615 823 2678 arbitraretur.
847 2613 909 2676 Hac
924 2616 1044 2695 quidem
1062 2619 1177 2678 ratione
1201 2622 1290 2680 etiam

122 2717 334 2800 αἰειγενέτης,
358 2719 394 2779 de
417 2737 476 2799 quo
492 2719 615 2778 deorum
631 2717 764 2797 epitheto
787 2735 812 2776 v.
830 2715 953 2777 dmeisii
970 2717 1097 2796 append.
1122 2720 1158 2780 ad
1175 2739 1201 2781 ω
1216 2717 1289 2790 373,

122 2830 242 2882 mutare
272 2819 415 2890 debebat,
445 2821 557 2900 quippe
585 2818 663 2899 quod
693 2818 729 2878 ab
758 2821 851 2878 activa
881 2819 1095 2896 significatione
1123 2821 1210 2899 plane
1239 2821 1291 2881 ab·

121 2925 273 2984 horreret.
318 2923 356 2982 At
383 2921 481 2982 obstat
503 2928 642 2982 constans
675 2921 874 3000 posteriorum
907 2921 1088 2999 scriptorum
1123 2940 1207 2991 usuc,
1241 2925 1291 3002 qui

121 3043 182 3086 uon
200 3023 289 3084 modo
305 3020 530 3100 αἰθρηγενέτης
545 3023 705 3083 Homerico
721 3040 804 3082 more
820 3027 1053 3100 usurpaverunt,
1071 3027 1103 3080 ut
1118 3021 1292 3084 Eustatbius

122 3128 159 3188 de
175 3126 281 3205 Hysm.
297 3144 327 3204 p.
338 3121 399 3185 112
415 3123 474 3205 (ed.
493 3121 652 3202 Herober):
669 3121 721 3185 διὰ
735 3121 797 3199 γάρ
812 3139 862 3184 τοι
877 3122 1068 3198 παρθενικῆς
1083 3120 1291 3201 ἁπαλόχροας

121 3226 162 3293 οὐ
187 3225 310 3304 διάηςιν
333 3223 555 3304 αἰθρηγενέτης
578 3226 712 3306 βορρᾶς,
735 3225 892 3285 sedetiam
916 3223 1041 3302 simplex
1056 3222 1185 3300 γενέτης
1201 3244 1290 3286 sensu

121 3332 242 3412 passivo
265 3330 366 3389 dicere
389 3337 419 3388 et
441 3329 604 3407 composita
620 3328 740 3386 uomina
764 3326 820 3386 alia
835 3327 946 3403 tingere
962 3325 1040 3385 haud
1065 3325 1290 3396 dubitaverunt;

121 3435 179 3494 cir.
210 3449 285 3510 quae
314 3429 480 3491 Meinekius
503 3429 586 3490 Aual.
610 3428 690 3488 Alex.
715 3447 743 3507 p.
768 3423 809 3489 86
832 3427 999 3506 composuit
1023 3429 1173 3508 exempla:
1199 3429 1289 3509 Sopb.

121 3567 328 3578 ——---—

191 3651 237 3714 37)
256 3647 408 3701 Aooentum
425 3643 584 3698 Dindorfius
606 3645 682 3698 recte
705 3641 858 3708 constituit3
886 3643 970 3696 antea.
992 3643 1068 3712 opud
1089 3643 1290 3698 Buttmannum

120 3733 274 3803 legebatur
291 3731 489 3798 αἰθρηγενέης,
508 3727 583 3797 quod
602 3744 650 3781 cur
666 3727 708 3781 La
723 3726 845 3780 Rocbius
866 3725 896 3780 in
913 3725 1008 3780 adnot.
1026 3727 1070 3781 ed.
1090 3727 1116 3782 h.
1135 3728 1152 3781 l.
1170 3728 1290 3784 retinue-

37 3809 38 3822 ’
121 3820 159 3873 rit
176 3815 280 3874 nescio,

192 3905 238 3966 38)
257 3898 418 3954 Eustatbius
438 3904 516 3964 1538,
538 3903 571 3952 34
593 3897 670 3952 rein
693 3896 825 3964 ambiguo
853 3896 951 3950 relicte
968 3897 1035 3950 setis
1058 3896 1145 3950 babet
1169 3897 1290 3952 divorsos

121 3984 372 4056 interpretationes
396 3997 640 4037 commemorasse:
668 3981 869 4049 αἰθρηγενέτης
893 3982 997 4048 Βορέας
1024 3983 1040 4034 ὁ
1063 3982 1175 4048 αἴθραν,
1201 3983 1290 4034 ὅέςτι

121 4078 228 4140 ψθχος,
248 4074 339 4123 ποιῶν
357 4070 375 4135 ἢ
399 4070 415 4122 ὁ
434 4067 553 4135 αἰθρίας,
577 4069 593 4121 ὅ
613 4068 686 4122 ἐςτιν
708 4067 814 4132 εὐδίας,
838 4067 926 4120 αἴτιος
949 4069 965 4131 ἢ
990 4067 1005 4118 ὁ
1029 4065 1057 4118 ἐξ
1079 4064 1190 4130 αἰθέρος
1210 4067 1290 4129 γενό-

123 4171 226 4226 μενος,
245 4155 261 4207 ὅ
277 4155 350 4208 ἐςτιν
368 4155 478 4219 ὑψόθεν
497 4153 601 4207 πνέων.
619 4149 768 4220 Heynius
786 4149 822 4203 ad
841 4149 872 4203 ΙΙ.
891 4151 914 4202 0
934 4153 980 4202 171
999 4147 1201 4214 αἰθρηγενέτης
1221 4147 1291 4200 dixit

122 4257 183 4298 esse
204 4255 269 4292 eum
286 4237 344 4307 ‘qui
362 4238 562 4306 progeneraret
578 4235 684 4304 frigus'

1052 4322 1087 4368 4*
