3124 4682
649 309 799 405 —ar—

137 518 215 578 quae
244 499 350 559 Thetis
378 497 526 576 quondam
550 499 578 556 ei
602 500 759 558 vaticinata
782 505 842 566 est,
867 498 1062 557 lortissimnm
1077 495 1306 576 Myrmidonum,

138 601 210 660 ditm
232 601 298 680 ipse
320 601 413 666 vivat,
436 601 606 678 periturum
629 615 711 667 csse,
735 605 765 657 et
786 597 957 658 Patroclum
978 598 1039 658 lato
1061 596 1218 677 abreptum
1241 616 1306 660 csse

137 705 324 782 suspicatur:

293 802 334 880 μὴ
357 799 397 878 δή
420 818 474 878 μοι
494 799 643 863 τελέεωει
665 799 734 862 θεοῖ
754 799 836 862 κακὰ
856 798 955 876 κήδεα
976 801 1082 882 θυμῷ,

296 901 342 965 ὥς
363 899 444 964 ποτέ
466 919 520 978 μοι
542 900 643 978 μήτηρ
665 899 862 978 διεπέφραδε
884 897 935 962 καί
957 917 1009 976 μοι
1031 897 1155 981 ἔειπεν,

204 1001 246 1065 10
296 1001 512 1082 Μυρμιδόνων
534 1001 593 1064 τόν
615 999 760 1079 ἄριετον,
784 999 829 1064 ἔτι
851 1000 994 1064 Ζώοντοε
1016 998 1119 1076 ἐμεῖο,

296 1103 402 1182 χερεῖν
425 1101 490 1166 ὕπο
512 1100 634 1180 Τρώων
657 1102 781 1179 λείψειν
803 1099 889 1179 φάο(
910 1099 1040 1178 ἠελίοιο.

292 1203 312 1282 ἦ
336 1204 421 1284 μάλα
442 1204 481 1280 δὴ
503 1202 633 1280 τέθνηκε
656 1200 829 1267 Μενοιτίου
851 1199 981 1279 ἄλκιμοι
1003 1201 1082 1265 υἱόε.

138 1308 171 1367 ln
212 1307 261 1367 his
300 1307 449 1367 Rhianum
483 1314 513 1366 ct
551 1301 823 1384 Aristophanem²⁵l
853 1321 958 1364 versus
998 1301 1038 1364 10
1059 1311 1089 1366 et
1114 1301 1150 1363 ll
1181 1306 1307 1366 eiecisse

138 1409 205 1469 cod.
229 1411 253 1469 Α
278 1415 420 1477 testatur,
444 1425 571 1486 cumque
594 1408 689 1466 ceteri
711 1423 829 1485 quoque
853 1405 972 1466 codices
994 1405 1105 1483 largam
1126 1404 1306 1466 scholiorum

138 1511 258 1588 copiam
281 1508 456 1576 exhibeant,
485 1525 561 1587 qnae
589 1509 688 1568 omnia
717 1515 874 1567 versentur
901 1509 932 1566 in
956 1507 1060 1567 horum
1088 1524 1227 1567 versuum
1249 1507 1306 1567 dil·

137 1610 322 1672 ficultatlhus
344 1609 522 1678 enodandis,
547 1615 578 1668 et
599 1626 735 1686 magnam
759 1608 795 1668 de
817 1609 856 1668 iis
878 1610 958 1668 inter
980 1607 1138 1668 nonnullos
1159 1625 1306 1686 gramma·

138 1715 216 1772 ticos
240 1712 474 1771 controversiam
498 1709 569 1770 olim
592 1711 685 1770 luisse
702 1716 784 1788 patet
806 1716 836 1769 ct
851 1708 961 1788 quihus
982 1709 1026 1768 illi
1042 1710 1141 1770 causis
1164 1709 1199 1769 ad
1224 1709 1306 1770 athe·

136 1816 216 1874 tesia
240 1813 380 1872 commoti
402 1812 532 1880 luerint,
556 1813 629 1870 satis
650 1812 842 1889 perspicuum
872 1817 927 1872 est.
972 1810 1044 1871 Cum
1067 1816 1166 1870 autem
1189 1827 1306 1871 omnem

137 1914 322 1976 scholiorum
350 1914 458 1972 seriem
493 1912 543 1972 hic
576 1911 714 1972 subicere
748 1913 867 1990 longum
896 1913 949 1980 sit.
984 1929 1018 1970 ea
1045 1918 1160 1972 tanturn
1188 1911 1305 1990 eligam,

137 2035 216 2094 quae
240 2015 427 2094 potissimum
450 2015 483 2072 in
506 2015 545 2073 iis
567 2020 683 2074 veteres
704 2012 958 2090 reprehenderint
986 2029 1120 2090 quaeque
1149 2014 1206 2072 iam
1230 2015 1305 2074 anti·
1395 1997 1397 2000 ⁵

137 2119 242 2195 quitus
264 2115 301 2175 ad
324 2133 375 2174 cos
398 2114 601 2175 defendendos
623 2115 737 2194 prolata
759 2116 830 2174 sint.
855 2113 954 2174 Schol.
976 2114 1016 2173 A:
1044 2109 1096 2175 Ἐν
1119 2116 1156 2194 τῇ
1178 2110 1306 2176 Ῥιανοῦ

136 2216 189 2280 καὶ
212 2213 462 2293 Ἀριετοφάνουε
485 2213 544 2277 οὐκ
564 2212 644 2291 ἦεαν
673 2213 704 2277 οἱ
727 2211 769 2295 β’,
797 2211 872 2276 ίεωε
894 2211 964 2275 ἐπεὶ
985 2209 1045 2274 οὐκ
1066 2211 1106 2290 ἦν
1131 2212 1306 2291 Μυρμιδὼν

137 2315 386 2394 όΠάτροκλοε·
424 2314 547 2392 Λόκμο(
573 2315 635 2392 γὰρ
662 2313 703 2392 ἦν
731 2314 764 2380 ἐξ
786 2313 976 2378 Ὀποῦντοε.
1009 2313 1077 2377 δεῖν
1105 2313 1141 2376 δέ
1169 2314 1306 2393 φηεινὸ

136 2417 342 2496 Ἀρίεταρχοε
365 2413 468 2478 οὕτω(
491 2415 612 2480 αὐτόν
634 2416 882 2497 παραδέχεεθαι,
909 2413 979 2478 τόν
1008 2414 1105 2492 μετὰ
1132 2413 1200 2479 τόν
1224 2413 1306 2493 ἄρι-

137 2517 280 2611 (τονίῖ)
303 2521 368 2580 τῶν
393 2516 616 2595 Μυρμιδόνων.
639 2517 690 2579 καλ
712 2516 791 2580 κατά
812 2535 901 2580 τινα(
923 2516 959 2579 δὲ
980 2519 1046 2579 τὼν
1069 2514 1140 2593 μεθ’
1162 2515 1306 2595 ’Όμηρον

135 2620 266 2696 Ἄκτωρ
288 2619 306 2682 ὁ
329 2619 433 2696 πατὴρ
455 2621 514 2682 τοῦ
538 2616 710 2683 Μενοιτίου
727 2619 852 2694 λέγεται
874 2618 983 2696 λαβεῖν
1005 2615 1153 2697 Αἴγιναν,
1177 2617 1211 2681 ἐκ
1233 2618 1307 2682 ταύ-

136 2740 195 2799 τηε
218 2721 254 2784 δὲ
276 2718 422 2818 γενέεθαι
446 2717 619 2784 Μενοίτιον
648 2720 699 2783 καὶ
721 2719 841 2797 οἰκῆται
865 2718 900 2784 ἐν
922 2717 1090 2782 Ὀποῦντι·
1120 2717 1223 2784 οὕτως
1246 2717 1306 2785 οὖν

136 2821 260 2898 γίνεται
288 2820 326 2884 τὸ
355 2819 510 2885 ἀνέκαθεν
539 2821 715 2900 Μυρμιδὼν
750 2819 769 2884 ὁ
796 2820 996 2898 Πάτροκλος.
1032 2819 1163 2884 δύναται
1192 2821 1228 2884 δὲ
1255 2821 1307 2886 καὶ

137 2923 259 3000 ἑτέρω(
283 2921 457 3000 Μυρμιδὼν
480 2920 499 2984 ὁ
521 2921 712 3000 Πάτροκλοε
736 2922 879 2996 λέγεεθαι
901 2919 1011 2985 διὰτὸ
1034 2920 1111 2999 μετὰ
1125 2921 1183 2987 τόν
1206 2923 1306 3002 Ἀχιλ-

138 3024 199 3088 λέα
225 3022 396 3100 ἡγήεαεθαι
430 3028 497 3086 τῶν
527 3023 743 3102 Μυρμιδόνων
772 3031 831 3084 cet.
883 3024 998 3084 Similia
1025 3023 1150 3103 praehet
1177 3025 1241 3086 cod.
1271 3025 1305 3096 Β,

138 3133 350 3206 praeterquam
374 3126 452 3204 quod
469 3125 505 3186 dc
529 3127 647 3186 diverso
675 3127 871 3205 comparativi
900 3133 929 3186 et
952 3125 1125 3204 superlativi
1155 3143 1210 3186 usn
1233 3145 1306 3188 non·

138 3227 219 3287 nulla
243 3228 375 3306 exposita
399 3233 482 3296 sunt,
506 3245 582 3306 quae
605 3245 664 3286 non
681 3245 789 3306 operae
811 3229 941 3304 pretium
964 3233 1009 3286 est
1030 3225 1193 3287 ascribere.
1215 3227 1305 3289 Prae·

139 3335 221 3389 terea
246 3327 338 3387 hahet
359 3329 398 3397 Α,
422 3347 498 3406 quae
514 3329 549 3388 ad
567 3328 768 3388 Aristarchum
790 3328 956 3388 revocanda
971 3337 1055 3388 sunt:
1078 3325 1098 3404 ἡ
1114 3328 1210 3405 διπλῆ
1225 3329 1307 3408 πρὸ(

138 3429 177 3492 τὸ
201 3426 403 3509 ἀμφίβολον,
426 3433 496 3491 πῶς
518 3427 734 3506 Μυρμιδόνων
763 3427 891 3506 ἄριετον
921 3427 1006 3504 λέγει
1033 3428 1092 3493 τὸν
1113 3427 1307 3508 Πάτροκλον

208 3681 251 3746 25)
269 3678 426 3733 Duentzero
441 3678 577 3734 Zenodoti
598 3697 626 3749 p.
641 3685 688 3734 176
708 3681 765 3733 not.
782 3683 814 3732 41
832 3678 856 3732 si
873 3677 1023 3747 credimus,
1040 3679 1197 3734 Zenodotus
1218 3679 1248 3732 in
1265 3679 1308 3734 his

139 3763 266 3818 versibus
284 3762 443 3816 resecandis
461 3763 516 3817 iem
536 3763 703 3832 praeiverat.

209 3851 252 3915 26)
271 3847 348 3902 Haec
364 3847 452 3902 verba
468 3847 618 3902 Mauricius
636 3847 803 3902 Schmidtius
820 3847 889 3902 mihi
906 3848 1073 3918 significavit
1091 3847 1196 3918 optime
1214 3866 1306 3904 emen-

139 3932 203 3986 dari
219 3932 293 3986 hune
309 3931 339 3984 in
356 3930 483 3986 modum:
510 3934 570 3986 δεῖν
587 3933 618 3986 δέ
636 3951 721 4002 φηειν
744 3935 760 3986 ὁ
784 3933 962 4002 Ἀρίεταρχοε
980 3936 1074 3988 οὕτω(
1093 3937 1306 4002 παραδέχεεθαι·

138 4018 203 4070 τόν
222 4017 298 4083 μετ’
321 4017 430 4070 αὐτὸν
453 4017 595 4083 ἄριετον
617 4022 678 4070 τὼν
697 4019 894 4085 Μυρμιδόνων.
930 4017 1054 4071 Primum
1071 4017 1146 4072 enim
1164 4035 1248 4087 aegre
1265 4020 1306 4072 in-

140 4099 247 4168 venies,
267 4117 322 4169 quo
340 4099 411 4153 illud
429 4101 519 4154 αὐτόν
536 4101 654 4165 referam
677 4101 778 4156 deinde
800 4117 866 4156 vero
885 4102 952 4156 satis
971 4102 1041 4156 dura
1058 4101 1225 4156 offendimur
1243 4120 1306 4157 con·

140 4185 306 4251 structione,
326 4201 389 4238 cum
407 4185 443 4238 ad
460 4187 513 4238 τόν
530 4184 716 4254 supplendum
733 4187 770 4239 ait
787 4189 914 4254 ᾰριετον,
934 4188 964 4239 ut
981 4186 1063 4254 plene
1082 4186 1122 4239 sic
1139 4187 1231 4255 legas:
1253 4191 1307 4244 τόν

141 4271 211 4338 μετὰ
228 4272 282 4324 τόν
301 4271 413 4337 ἄριετον
430 4274 492 4322 τῶν
511 4270 701 4336 Μυρμιδόνων
718 4271 838 4340 ἄριετον.
