3124 4682
765 275 916 372 Α

258 469 366 529 borum
388 470 520 529 locorum
547 467 719 544 integritate
751 465 926 526 addubitare
949 467 996 525 vix
1025 465 1108 536 licet,
1138 473 1237 527 tamen
1265 486 1303 527 ne
1326 467 1440 547 dupli·

260 590 324 632 cem
348 556 456 630 Rbia'ni
480 570 685 628 recensionem
709 575 872 628 statuamus
894 568 996 646 plures
1018 567 1136 627 obstant
1158 586 1275 628 causae.
1305 569 1440 630 Etenim

260 675 340 732 inter
362 673 494 750 quinque
518 677 548 731 et
562 670 758 749 quadraginta
781 688 897 738 versus,
921 671 952 728 in
975 667 1083 747 quihus
1106 669 1258 729 libianeae
1279 669 1442 731 lectiones

260 773 296 834 ad
330 791 384 832 nos
416 778 630 851 pervenerunt,
666 770 724 830 duc
749 771 780 830 id
809 771 941 849 prodere
972 771 1122 840 videntur,
1151 789 1248 848 neque
1277 771 1357 831 aliud
1382 780 1442 832 est

260 876 370 934 veteris
392 875 548 954 scriptoris
571 873 790 940 testimonium,
821 872 898 949 quod
927 872 997 931 huic
1026 873 1160 950 opinioni
1183 873 1289 932 faveat.
1334 873 1440 934 Prae-

261 983 342 1037 terea
366 995 451 1046 vero,
475 975 505 1035 id
528 975 713 1054 quodetiam
736 975 881 1051 gravioris
903 975 1048 1034 momenti
1065 981 1124 1043 est,
1148 974 1221 1034 duas
1236 976 1442 1036 recensiones

261 1081 287 1138 si
315 1077 447 1138 Rhianus
481 1079 674 1156 instituisset,
709 1078 906 1154 posteriorem
939 1095 954 1136 a
989 1077 1091 1154 priore
1126 1076 1286 1136 dissentire
1315 1077 1442 1156 aliquot

261 1181 334 1240 locis
356 1197 477 1240 necesse
502 1185 579 1238 erat:
604 1178 691 1236 aliter
714 1179 793 1237 enim
816 1177 892 1236 hanc
915 1179 1099 1246 iteravisset,
1130 1196 1188 1237 non
1211 1195 1315 1238 novam
1337 1180 1439 1240 lecis-

262 1289 317 1342 set.
342 1281 453 1351 Quodsi
476 1281 632 1358 utriusque
656 1279 797 1338 editionis
820 1278 963 1338 lectiones
992 1279 1104 1357 aliquot
1132 1279 1270 1339 versibus
1292 1281 1372 1341 inter
1396 1300 1438 1340 se

263 1382 489 1461 discrepabant,
513 1398 600 1440 nerno
622 1397 681 1438 non
698 1379 854 1448 concedet,
878 1398 938 1439 non
960 1397 1011 1440 eas
1026 1380 1184 1450 lectiones,
1209 1399 1284 1459 quae
1308 1383 1438 1460 utrique

263 1501 435 1544 communes
458 1489 573 1551 essent,
598 1481 649 1541 sed
673 1499 722 1540 eas
745 1481 857 1559 potiuS,
881 1479 992 1560 quibus
1006 1483 1085 1540 inter
1107 1499 1140 1541 se
1155 1482 1318 1552 dillerrent,
1342 1482 1436 1543 sebo-

262 1585 357 1646 liastis
381 1584 525 1646 notandas
547 1585 650 1644 luisse.

346 1687 457 1746 Verum
472 1686 527 1746 hae
544 1685 748 1754 difficultates,
772 1703 847 1764 quae
862 1683 1095 1762 pluresHomeri
1111 1687 1304 1747 recensiones
1314 1686 1437 1746 Rhiano

263 1785 467 1848 tribuentibus
490 1786 577 1847 nobis
600 1785 762 1852 obsistunt,
793 1785 932 1846 facillima
960 1784 1059 1865 opera'
1078 1793 1282 1857 removentur,
1315 1790 1340 1848 si
1369 1790 1437 1848 lor-

263 1889 352 1948 mulis
374 1885 406 1948 αἱ
428 1885 556 1950 Ῥιανοῦ
584 1894 614 1947 et
642 1884 674 1948 oi
697 1884 776 1948 κατὰ
799 1883 926 1950 Ῥιανόν
955 1888 1136 1966 exemplaria
1165 1889 1291 1948 indicari
1319 1891 1437 1968 princi-

264 1990 339 2070 palis
362 1988 504 2049 editionis
519 1989 670 2049 Rhianeae
694 2009 710 2048 a
733 1988 868 2048 librariis
884 1989 1096 2068 multiplicatae
1113 1987 1325 2066 intellegimus.
1349 1990 1437 2060 Quae

264 2093 473 2170 interpretatio
501 2111 560 2151 non
590 2092 721 2152 inamlita
753 2097 798 2150 est
821 2109 918 2169 neque
948 2091 1150 2170 exemplorum
1180 2095 1356 2152 auctoritate
1381 2093 1435 2152 de-

265 2196 383 2262 stituta;
407 2195 438 2253 in
462 2201 543 2254 tanta
567 2195 646 2253 enim
671 2191 862 2252 multitudine
884 2193 1033 2262 locorum,
1063 2194 1094 2252 in
1123 2192 1233 2271 quihus
1255 2193 1436 2255 scholiastae

265 2296 426 2355 editionem
457 2295 664 2372 Aristophanis
692 2295 826 2372 Byzantii
862 2303 1111 2367 commemorant,
1147 2294 1194 2354 bis
1229 2298 1437 2357 tautummodo

266 2398 312 2476 (ad
336 2395 442 2458 0513
465 2397 550 2456 etad
575 2413 590 2456 ε
613 2391 664 2472 83)
695 2394 802 2473 plurali
831 2413 954 2454 numero
978 2391 1010 2455 αἱ
1039 2393 1289 2473 Ἀριετοφάνουε
1311 2397 1435 2475 legitur.

265 2497 325 2558 lam
349 2516 415 2556 cum
439 2517 496 2557 una
519 2497 611 2555 suerit
633 2495 838 2572 Aristophanis
861 2495 952 2555 editio
976 2495 1040 2573 (cir.
1066 2497 1145 2558 Guil.
1170 2497 1316 2558 llindorsri
1339 2499 1435 2560 schol.

266 2599 301 2658 ad
326 2599 428 2677 Odyss.
452 2598 480 2658 Il
503 2618 531 2676 p.
555 2592 642 2674 250),
673 2605 723 2656 aut
745 2595 902 2656 librarium
926 2597 1055 2676 aliquem
1078 2601 1227 2658 erravisse
1259 2607 1309 2659 ant
1332 2619 1434 2660 exem-

267 2701 362 2780 plaria
392 2699 525 2777 intellegi
555 2698 785 2776 Aristophaneae
815 2698 955 2758 editionis
985 2700 1174 2760 indicandum
1204 2707 1258 2759 est.
1297 2701 1434 2761 Priorem

267 2805 343 2862 viam
367 2805 440 2879 Aug.
464 2800 654 2862 Nauchius
682 2801 772 2860 Arist.
798 2801 867 2879 sz.
890 2819 921 2882 p.
945 2796 985 2860 21
1010 2809 1070 2861 not.
1093 2799 1113 2862 3
1142 2803 1295 2878 ingressus
1318 2801 1435 2863 utrobi-

268 2923 341 2984 que,
366 2903 510 2963 violenter
532 2903 563 2962 id
586 2901 721 2982 quidem,
750 2900 769 2978 ἠ
793 2921 847 2982 pro
876 2899 908 2964 et
937 2905 1082 2972 correxit,
1115 2921 1169 2980 ego
1194 2903 1315 2963 alteram
1339 2905 1447 2973 intera

268 3008 466 3086 pretationem
494 3012 659 3084 antepono,
694 3023 781 3084 quam
816 3007 905 3064 etiarn
934 3004 1177 3081 Sengebuschius
1204 3004 1290 3064 Hom.
1326 3005 1397 3065 diss.
1424 3007 1437 3066 l
1474 3069 1476 3071 ,

269 3129 297 3188 p.
321 3105 362 3168 48
385 3105 565 3186 protulit.¹⁸)

354 3210 432 3269 Haeo
455 3228 514 3270 una
537 3211 631 3287 igitur
653 3209 762 3268 llhiani
786 3207 877 3266 editio
900 3207 1021 3266 lliadem
1046 3215 1076 3267 et
1091 3207 1251 3286 Odysseam
1275 3209 1436 3278 continuit,

269 3319 367 3370 cetera
391 3313 537 3382 carmina,
567 3330 641 3389 quae
665 3310 751 3386 vulgo
774 3308 897 3367 Homeri
926 3310 1046 3368 nomine
1074 3308 1264 3378 serebantur,
1295 3328 1354 3368 non
1384 3311 1437 3369 ad-

269 3415 369 3472 iuncta
392 3419 487 3469 erant.
533 3412 616 3472 Unde
645 3411 722 3470 baud
747 3411 808 3469 seio
837 3427 873 3468 an
897 3418 978 3468 recte
1001 3411 1146 3480 conicias,
1176 3413 1338 3471 accessisse
1366 3430 1437 3471 enm

270 3514 305 3573 ad
329 3511 505 3572 sententiam
529 3511 686 3582 Zenodoti,
711 3513 761 3590 qui
785 3527 979 3590 quaecunque
1002 3521 1122 3590 praeter
1145 3512 1266 3572 iliadem
1290 3521 1320 3572 et
1342 3503 1437 3591 Odys-

205 3626 207 3630 ’
271 3634 349 3675 seam
373 3613 502 3672 Homero
525 3613 780 3681 attribuebantur,
810 3611 846 3672 ab
870 3631 905 3670 eo
928 3609 1159 3673 abiudicav'erat.
1204 3612 1265 3673 Hoc
1288 3621 1386 3674 autem
1410 3619 1437 3674 si

244 3721 246 3724 ’
271 3723 358 3784 recte„
376 3734 406 3774 se
435 3713 539 3783 habet,
569 3717 598 3774 in
622 3715 729 3774 Rhiani
759 3731 875 3792 quoque
904 3712 1035 3778 editione
1065 3721 1224 3794 utrumque
1253 3733 1374 3774 carmen
1404 3718 1436 3776 in

271 3820 392 3877 vicenos
414 3823 575 3894 quaternos
599 3815 691 3876 libros
714 3817 840 3875 divisum
858 3815 950 3874 luisse
974 3816 1150 3875 verisimile
1174 3823 1233 3885 est,
1258 3834 1345 3896 quam
1369 3819 1437 3894 qui-

272 3920 338 3980 dem
362 3918 537 4000 divisionem
561 3935 576 3976 a
599 3918 748 3978 Zenodoto
765 3918 859 3996 primo
881 3916 1046 3976 institutam
1069 3935 1134 3976 esse
1158 3925 1282 3978 constat.

343 4157 383 4220 18)
413 4149 587 4220 suffragatus
617 4150 659 4204 est
689 4149 774 4205 etiarn
803 4149 843 4202 La
871 4149 1019 4202 Roehius
1049 4148 1129 4206 Hom.
1164 4149 1323 4204 Textkritik
1352 4167 1378 4217 p.
1407 4155 1440 4202 5³t

272 4239 329 4293 nol.
348 4244 388 4291 82.
