3112 4684
668 293 708 356 87

192 480 303 548 c420.
349 483 566 561 Amphinomus
595 501 705 563 procos
732 482 921 554 adhortatus,
957 491 989 544 ut
1016 491 1171 564 postquam
1198 486 1325 551 liba-44

107 588 219 655 verint,
254 586 374 646 domum
405 586 533 665 proiecti
567 583 762 655 decumbant,
796 585 923 646 orationi
957 588 1046 646 finem
1072 589 1189 668 inponit
1226 587 1274 649 bis

108 686 221 748 verbis:

233 786 293 852 τὸν
315 789 422 854 ξεῖνον
445 787 480 850 δὲ
502 786 607 866 ἐῶμεν
630 785 688 851 ἐνὶ
710 785 897 865 μεγάροιτ
919 787 1106 866 Ὀδντῆοτ

233 887 409 972 Τηλεμάχῳ
432 888 583 968 μελέμεν·
605 891 663 953 τοῦ
685 887 747 966 γὰρ
770 888 868 968 φίλον
889 887 976 953 ἵκετο
1000 892 1098 969 δῶμα.

107 991 206 1054 Schol.
230 989 357 1056 Ῥιανάε
379 991 414 1054 δὲ
437 989 497 1055 ἐνὶ
511 989 743 1068 μεγάροιειν
766 989 920 1069 ἕκηλον.
944 991 980 1052 ll.
1004 993 1165 1070 Aptissima
1181 997 1272 1056 etiam

106 1094 178 1156 baec
201 1094 322 1174 quidem
344 1093 434 1154 lectio
457 1094 492 1154 ad
516 1111 652 1163 sensum,
676 1111 743 1154 eum
767 1093 983 1173 Amphinomus
1010 1112 1036 1154 ν.
1059 1090 1122 1156 416
1145 1096 1271 1157 dixerit:

106 1195 180 1272 μήτε
208 1215 238 1257 τι
265 1193 324 1259 τὸν
358 1197 465 1260 ξεῖνον
494 1193 695 1274 ττυφελίζετε
723 1191 799 1272 μήτε
820 1193 885 1257 τιν’
917 1191 1019 1258 ἄλλον
1052 1194 1185 1273 δμώων,
1219 1198 1271 1258 sed

106 1298 175 1376 quid
197 1298 348 1358 Rhianum
364 1297 400 1357 ad
423 1297 499 1358 hauc
521 1297 715 1357 mutationem
731 1294 888 1374 inpulerit,
912 1298 943 1356 in
969 1296 1096 1358 obscuro
1118 1305 1174 1358 est.
1198 1298 1271 1359 Nam

106 1407 162 1459 tarn
187 1401 320 1478 ineptum
343 1417 411 1460 eum
434 1399 548 1476 tingere
571 1417 631 1459 non
654 1398 740 1468 lieet,
764 1405 797 1458 ut
820 1398 979 1459 offensioni
1003 1399 1031 1458 ei
1052 1400 1144 1460 luisse
1167 1401 1270 1479 opine-

107 1519 185 1570 mur,
210 1501 289 1580 quod
312 1501 404 1560 Vlixis
426 1499 531 1562 domus
554 1503 585 1560 in
609 1517 697 1560 versu
719 1501 886 1580 insequenti
908 1500 1078 1561 Telemachi
1101 1520 1166 1562 esse
1190 1502 1270 1562 dice-

105 1611 203 1673 retur;
227 1621 323 1684 neque
346 1620 418 1662 vero
440 1602 517 1663 bane
539 1603 767 1680 repugnantiam
790 1601 980 1672 removisset,
1010 1603 1178 1666 cumidem
1202 1605 1270 1664 Am·

105 1705 264 1783 phinomus
292 1706 324 1764 in
346 1703 449 1764 eadem
465 1703 520 1764 bac
543 1705 677 1764 oratione
700 1719 727 1764 ν.
749 1699 811 1764 417
841 1701 920 1765 κατὰ
948 1701 1070 1781 δώματ’
1099 1701 1271 1780 Ὀδυττῆοτ

105 1804 203 1868 θείοιο
228 1806 316 1866 dicat.
363 1804 443 1875 Quae
468 1823 535 1865 cum
557 1807 598 1866 ita
626 1807 701 1874 sint,
729 1804 875 1865 iudicium
904 1805 940 1864 de
964 1803 1020 1864 boc
1042 1823 1131 1866 versu
1153 1807 1184 1866 in
1206 1825 1270 1866 sus·

106 1925 196 1985 pensu
225 1907 455 1987 relinquendum
484 1908 558 1976 erit,
589 1907 647 1966 nisi
674 1913 807 1968 vetustae
834 1906 975 1966 editionis
1002 1908 1173 1968 auctoritati
1201 1926 1269 1969 cum

105 2008 275 2070 obsecutum
299 2027 365 2070 esse
387 2015 518 2070 statuere
540 2007 695 2068 malumus.

188 2129 206 2172 τ
230 2107 299 2171 113.
346 2109 514 2188 Penelopae
537 2109 736 2187 interroganti
759 2111 827 2189 quis
850 2109 888 2169 sit
902 2108 1069 2188 quibusque
1090 2108 1319 2188 parentibustb

105 2210 263 2282 oriundus,
288 2219 448 2290 antequam
470 2211 648 2289 respondet,
674 2211 772 2272 Vlixes
795 2211 966 2295 felicitatem
996 2213 1061 2272 eius
1088 2210 1128 2272 ita
1151 2211 1269 2288 praedi-

105 2321 166 2382 cat,
195 2319 227 2373 ut
260 2332 328 2373 cum
361 2331 432 2392 rege
456 2332 519 2372 eam
543 2321 712 2392 comparet,
748 2331 835 2391 quem
871 2313 919 2372 dei
951 2312 1044 2390 gloria
1068 2320 1098 2372 et
1120 2312 1268 2373 bonorum

103 2417 235 2475 omnium
258 2415 409 2490 affluentia
432 2417 657 2476 exornaverint:

659 2513 772 2597 φέμῃτι
794 2515 830 2578 δὲ
851 2516 927 2590 γαῖα
949 2513 1081 2592 μέλαινα

228 2617 352 2695 πνροὺτ
374 2617 426 2681 καὶ
447 2615 572 2696 κμιθάτ,
597 2615 716 2699 βρίθῇτι
744 2615 780 2680 δὲ
802 2614 938 2694 δένδρεα
960 2615 1089 2699 κάρπιμ,

228 2717 323 2784 τίκτει
345 2717 379 2782 δ’
402 2717 550 2798 ἔμπεδα
571 2721 668 2798 μῆλα,
692 2715 832 2781 θάλαττα
853 2717 889 2781 δὲ
911 2718 1035 2802 παρέχῃ
1058 2717 1145 2796 ἰχθῦτ
1168 2730 1224 2781 cet.

103 2820 200 2886 Schol.
223 2819 349 2886 Ῥιανὸτ
372 2819 527 2885 άτπετα.
552 2821 587 2882 Η.
621 2821 718 2882 Etiam
748 2820 805 2880 hoc
832 2820 897 2880 loco
924 2820 1012 2890 illud,
1042 2822 1121 2900 quod
1149 2821 1267 2883 libiano
1353 2895 1354 2900 γ

104 2923 273 3000 scrupulum
302 2925 423 2993 iniecit,
452 2941 512 2984 non
540 2922 570 2982 id
600 2930 659 2992 est,
689 2924 725 2982 de
753 2940 812 3000 quo
840 2921 926 2982 facile
956 2923 1137 3001 interpretes
1164 2942 1267 2984 omnes

104 3025 180 3084 inter
202 3043 233 3086 se
256 3027 454 3086 consentiant.
491 3024 624 3084 Primum
647 3025 727 3084 enirn
751 3021 863 3101 ambigi
885 3031 999 3101 potest,
1022 3024 1093 3104 quid
1117 3025 1148 3083 in
1172 3042 1266 3084 enun-

103 3128 175 3186 tiato
196 3123 289 3189 τίκτει
317 3124 351 3188 δ’
378 3123 498 3202 ἔμπεδα
528 3126 611 3204 μῆλα
639 3123 768 3186 subiecti
795 3127 860 3185 vice
889 3126 1039 3202 iungatur.
1083 3125 1266 3204 interpretes

104 3227 221 3305 quidem
242 3227 378 3308 plerique
400 3228 475 3302 γαῖα
503 3229 592 3287 tacite
615 3226 798 3286 subaudiunt
821 3244 856 3286 ex
879 3225 1125 3286 antecedentibus
1147 3228 1264 3305 supple-

103 3337 180 3400 tum;
202 3329 295 3391 Maur.
320 3329 561 3390 Schmidtius
582 3327 700 3407 Didymi
722 3345 752 3405 p.
775 3323 838 3387 210
860 3328 943 3405 μῆλα
962 3345 1017 3406 pro
1040 3327 1185 3398 subiecto,
1209 3346 1264 3407 pro
1303 3379 1304 3394 ,

104 3429 220 3490 obiecto
242 3429 364 3510 ἔμπεδα
390 3429 496 3492 haberi
524 3429 600 3500 vult,
631 3447 718 3508 quam
747 3431 1027 3508 interpretationem
1055 3431 1145 3491 etiarn
1173 3430 1264 3491 Vsch·

102 3549 193 3592 nerus
213 3532 366 3610 amplexus
389 3539 449 3601 est,
472 3533 524 3611 qui
547 3533 651 3591 vertit:
675 3533 761 3592 ‘stets
782 3531 864 3592 wirlt
878 3532 973 3609 lunge
997 3531 1050 3592 das
1064 3531 1161 3601 Vieb',
1185 3534 1264 3612 quud

102 3651 276 3712 quamquam
301 3635 455 3695 aratione
483 3633 673 3711 grammatica
702 3632 777 3692 nihil
810 3632 900 3693 habet
928 3634 1007 3712 quod
1034 3634 1263 3711 vituperandum

102 3737 152 3803 sit,
171 3741 277 3804 tamen,
302 3754 372 3796 curn
394 3734 501 3796 melior
524 3741 553 3795 et
577 3737 674 3813 aptior
696 3734 833 3794 videatur
848 3753 913 3796 esse
930 3737 1078 3814 oppositio
1093 3737 1174 3794 inter
1189 3735 1264 3808 γαῖα

102 3842 132 3895 ct
154 3832 288 3899 θάλαττα
316 3838 410 3906 iacta,¹
437 3844 551 3898 terram
580 3835 718 3915 equidem
748 3835 921 3913 intellegere
948 3835 1059 3897 malim.
1105 3837 1199 3914 Atque
1223 3838 1264 3896 ita

102 3937 190 3996 etiam
210 3938 342 3999 Rhianus
366 3941 495 3998 sensisse
519 3938 650 4008 videtur,
681 3933 891 3999 cum'dcusmt
920 3936 956 3998 ab
980 3937 1064 4014 μῆλα
1085 3935 1164 3997 haud
1187 3936 1262 3998 bene

101 4041 230 4116 separari
253 4047 352 4120 queat.
397 4038 511 4100 Deinde
539 4057 610 4100 vero
638 4038 710 4119 quid
739 4037 798 4098 sibi
826 4038 888 4099 vult
915 4034 1055 4116 ἔμπεδαῖ
1091 4037 1261 4108 Videamus,

101 4138 195 4220 qualis
216 4143 254 4202 sit
276 4160 349 4202 usus
364 4143 429 4201 eius
445 4140 582 4203 vocabuli
597 4140 790 4209 homericus,
813 4159 903 4220 quern
926 4142 983 4200 iarn
1008 4138 1262 4200 Doederlinus

101 4241 188 4323 gloss.
211 4241 249 4302 lll
276 4263 305 4324 p.
328 4237 392 4304 252
420 4261 448 4304 ιι.
477 4239 562 4304 2340
591 4244 696 4323 paucis
728 4240 896 4304 illustravit.
941 4239 1096 4317 Originem
1124 4239 1261 4303 vocabuli
