3124 4682
700 301 741 365 47

636 399 638 406 ι
646 388 798 404 *πῄ-

134 494 234 554 stituit
262 489 389 569 έρίηραε
418 491 500 552 cerni
532 491 696 569 elegantiae
720 510 840 552 sensum
864 506 946 562 ctum,
976 493 1026 571 qui
1055 510 1160 552 verum
1187 485 1304 571 poetam

135 595 257 664 deceat;
286 613 355 654 nam
383 593 439 653 hoc
468 594 655 673 potissimum
685 593 838 673 epitheton
867 612 926 655 non
954 600 1013 654 tam
1042 612 1113 655 casu
1135 601 1186 654 aut
1215 597 1303 654 metri

134 715 239 767 causa,
270 703 303 756 ut
326 713 520 756 numerorum
543 713 663 756 cursum
694 697 826 756 suaviter
848 695 1043 766 acceleraret,
1073 696 1198 774 elegisse
1221 697 1302 756 vidc-

133 806 200 868 tur‚
230 817 320 877 quam
342 803 375 856 ut
402 815 578 858 conversum
607 805 636 858 et
658 799 825 874 mitigatum
848 796 971 858 Achillis
999 815 1069 876 erga
1092 797 1219 858 Achivos
1241 799 1303 858 ani-

134 917 217 960 mum
240 899 482 978 voluntatemque
512 907 579 978 apte
607 899 766 960 indicaret.
812 897 912 958 Achivi
935 901 1031 970 enim,
1061 918 1135 979 quos
1158 891 1302 960 ante'Pa·

134 1001 223 1062 trocli
247 1008 373 1061 mortem
401 999 574 1080 inplacabili
603 1001 671 1060 odio
699 1007 875 1080 persecutus
901 1002 933 1060 in
964 1007 1008 1061 tot
1030 1000 1157 1061 funestis
1178 1001 1303 1080 proeliis
1375 1071 1377 1080 Ι

133 1122 188 1163 suo
218 1103 329 1164 auxilio
358 1103 542 1182 privaverat,
577 1101 668 1162 iidem
698 1099 766 1162 cu'm
793 1102 954 1164 interiecto
981 1101 1118 1164 Patroclo
1145 1104 1302 1182 pristinam

132 1207 208 1266 iram
232 1205 435 1284 deposuisset,
459 1205 487 1264 ei
504 1221 608 1264 mrsus
630 1204 846 1264 commilitones
869 1210 955 1264 erant
976 1205 1133 1264 carissimi.

219 1305 250 1367 Ψ
272 1303 323 1366 81.
368 1306 498 1367 Patrocli
520 1307 631 1366 mortui
653 1303 760 1365 umbra
776 1305 974 1366 dormientem
996 1305 1155 1374 Achillem,
1179 1313 1212 1366 ut
1234 1301 1351 1367 cor-13

16 1495 17 1498 Ἴ
131 1427 189 1487 pus
213 1426 302 1468 suum
325 1406 467 1468 celeriter
488 1407 630 1488 sepeliat,
654 1407 830 1468 adhortatur
853 1407 977 1468 ethaeo
1001 1407 1097 1468 addit:

176 1505 219 1570 80
262 1507 314 1571 καὶ
336 1506 372 1571 δέ
394 1525 442 1571 cor
465 1505 553 1591 αὐτῷ
576 1509 683 1589 μοῖρα,
706 1509 793 1572 θεοῖ(
816 1505 967 1572 ἐπιείκελ’
988 1506 1149 1590 Ἀχιλλεῦ,

262 1608 356 1688 τείχει
378 1608 442 1673 ὕπο
465 1609 588 1688 Τρώων
610 1607 835 1687 εὐηγενέων
858 1606 1041 1673 ἀπολέεθαι.

132 1711 234 1773 Schol.
259 1709 499 1789 εὐηγενέων·
528 1709 564 1776 ἐν
585 1716 623 1795 τῇ
647 1710 776 1775 Ῥιανοῦ
798 1710 850 1774 καλ
878 1709 1129 1789 Ἀριετοφάνοοε
1157 1710 1299 1791 εὐηφε-

130 1812 238 1878 νέων
267 1811 319 1876 διὰ
346 1817 404 1878 τοῦ
427 1833 468 1892 φ,
497 1812 533 1877 εὐ
561 1819 607 1897 τῷ
634 1811 748 1896 ἀφένῳ
776 1811 968 1894 χρωμένων,
998 1812 1043 1876 duc
1074 1811 1235 1891 Κλέαρχοε
1265 1813 1300 1878 ἐν

16 1949 17 1954 1
130 1917 201 1978 ruit
223 1901 387 1990 γλώττοιε.
425 1919 456 1978 Α.
493 1919 559 1980 τῶν
586 1913 705 1978 καλούε
733 1913 854 1993 ἀγροὺε
881 1913 1024 1992 ἐχόντων
1046 1913 1065 1991 ἢ
1088 1913 1175 1993 γένη.
1212 1913 1243 1977 οἱ
1265 1917 1300 1979 δὲ

131 2015 386 2098 εὐηφενέων,
429 2016 517 2094 παρὰ
545 2016 583 2080 τὸ
620 2013 760 2096 ἄφενοε,
797 2019 863 2080 τῶν
898 2016 1005 2080 καλῶ(
1041 2015 1218 2094 χρωμένων
1254 2023 1299 2099 τῷ

131 2117 259 2201 ἀφένῳ.
289 2119 324 2180 Β.
363 2119 566 2200 Similiterque
600 2118 767 2199 Hesychius
799 2115 986 2196 εὐηφενέων
1020 2120 1235 2197 interpretatur
1263 2098 1304 2182 εὐ

130 2217 374 2284 πλουτούντων.
405 2221 446 2281 lle
469 2219 612 2282 hocloco
634 2220 768 2282 Rhianus
790 2220 983 2298 singulariter
1005 2222 1130 2280 meritus
1152 2227 1206 2290 est,
1230 2239 1297 2282 cum

130 2325 213 2382 inter
236 2341 339 2382 omnes
361 2325 477 2401 primus
498 2325 699 2402 perspiceret,
723 2323 900 2384 adiectivum
917 2319 1086 2399 εὐηγενήε,
1112 2322 1190 2401 quod
1206 2330 1240 2382 ut
1262 2341 1297 2382 eo

130 2429 268 2503 tempore
292 2423 440 2502 vulgatum
457 2434 535 2495 erat,
560 2427 604 2486 sic
627 2427 718 2486 etiam
741 2425 828 2486 hodie
856 2427 888 2485 in
917 2424 1017 2486 multis
1039 2430 1135 2484 exstat
1157 2423 1297 2484 editioni·

129 2525 205 2595 bus,
228 2543 352 2604 prorsus
367 2543 534 2604 repugnare
550 2527 681 2604 legibus,
705 2526 814 2606 quihus
829 2534 910 2587 recta
926 2527 1085 2588 verborum
1101 2525 1298 2588 conformatio

16 2691 17 2694 ,
128 2631 161 2688 in
194 2645 301 2704 graeca
336 2627 437 2704 lingua
465 2630 586 2689 astricta
615 2635 670 2689 cst.
715 2628 796 2690 ldem
831 2647 900 2689 cum
928 2629 1044 2708 legatur
1071 2631 1161 2689 etiam
1189 2625 1297 2691 Λ427

16 2733 17 2736 ’
128 2727 403 2804 αὐτοκαείγνητον
426 2726 598 2806 εὐηγενέοε
621 2728 759 2811 (ώκοιο,
788 2733 818 2792 iu
846 2730 902 2790 hoc
925 2749 1042 2811 quoque
1066 2749 1154 2790 versu
1182 2727 1297 2807 εὐηφε-

127 2830 206 2895 νέοε
230 2830 267 2915 ab
290 2849 326 2890 eo
349 2831 544 2894 substitutum
567 2850 632 2892 esso
648 2850 702 2912 pro
724 2839 807 2893 certo
822 2831 992 2893 habendum
1015 2839 1069 2892 cst.
1101 2831 1184 2902 Quod
1208 2851 1296 2912 quam
1345 2829 1346 2833 ’

128 2941 214 2994 recte
238 2934 359 3003 iecerit,
383 2941 540 3014 postquam
563 2935 615 2994 diu
637 2934 775 2994 homines
793 2935 896 2994 doctos
918 2930 1053 3012 lugit³⁴l,
1077 2941 1178 2994 nostra
1201 2942 1296 2994 aetatu

127 3037 226 3113 magis
249 3037 402 3116 magisque
426 3035 609 3096 intellectum
639 3044 699 3096 est:
729 3055 797 3097 nam
825 3055 894 3097 cum
916 3037 989 3112 Aug.
1013 3035 1208 3096 Nauckius
1231 3036 1298 3095 Ari-

128 3137 227 3214 stoph.
259 3155 290 3214 p.
318 3133 360 3197 50
392 3145 452 3197 not.
472 3135 526 3198 ι64
557 3140 713 3200 verissime
747 3139 895 3198 Rhianum
933 3145 963 3196 et
995 3136 1222 3214 Aristophanem
1256 3139 1296 3197 ita

16 3241 17 3244 ’
128 3241 288 3320 scripsisse
309 3235 804 3316 dixisset³⁵),1mm.ueklerus
826 3243 857 3300 in
875 3238 1004 3300 editione
1029 3238 1122 3298 altera
1145 3235 1182 3316 (a.
1200 3233 1293 3320 1858)

197 3512 242 3575 34)
260 3507 363 3562 Mirum
382 3509 440 3574 est,
460 3507 535 3576 quod
552 3507 715 3577 Heynius,
739 3525 909 3576 quamquam
927 3507 1071 3562 damnavit
1089 3508 1236 3576 εὐηγενήε,
1255 3525 1297 3562 rc-

125 3591 257 3662 pudiovit
275 3591 370 3646 tamen
389 3592 464 3659 quod
482 3593 588 3646 dudum
612 3595 678 3647 onie
701 3609 764 3646 eum
782 3593 935 3648 rectissime
958 3593 1149 3662 excogitatum
1167 3595 1242 3662 erui,
1268 3595 1297 3646 el

125 3678 253 3745 ἠυγενήε
275 3675 375 3730 maluit
397 3676 484 3744 poni,v
502 3677 536 3730 de
558 3692 612 3744 quo
634 3678 712 3731 Imm.
732 3677 875 3732 Bekkerus
895 3677 924 3730 in
942 3695 1058 3732 censura
1079 3677 1130 3731 illa
1152 3677 1296 3731 notissima

126 3761 207 3831 (anni
226 3763 302 3826 1806)
321 3761 389 3815 salis
411 3762 511 3816 acerbe
534 3761 604 3816 dixit
626 3762 751 3833 (Homer.
776 3762 885 3816 Blatter
902 3781 930 3832 p.
948 3765 1004 3831 21):
1029 3763 1119 3816 ‘Doch
1136 3761 1229 3815 haben
1245 3762 1297 3816 vvir

126 3846 175 3900 bei
197 3845 378 3914 sorgia'ltiger
401 3845 594 3916 Durchlesung
616 3847 665 3900 des
687 3863 794 3915 ganzeu
816 3847 934 3902 Werlres
956 3847 1023 3902 zwei
1042 3839 1228 3916 (lonjecturen
1249 3865 1297 3916 ge·

16 3949 21 4022 p
125 3930 246 3996 funden,
268 3929 377 3984 freilich
400 3929 494 3984 solche
512 3931 557 3984 die
581 3931 660 3985 einen
678 3931 756 3984 nicht
774 3931 859 3985 schon
877 3933 1045 3986 beriihmten
1067 3931 1229 3986 schwerlich
1246 3933 1294 3984 be·

126 4014 224 4068 riihmt
241 4014 360 4068 macheu
378 4015 503 4068 diirlien:
525 4015 665 4070 nehmlich
687 4017 733 4068 fiir
751 4017 911 4084 εὐηγενέων
935 4019 959 4072 Ψ
977 4023 1008 4070 81
1027 4015 1121 4069 undlt
1140 4023 1188 4070 427
1211 4018 1294 4082 ἠϋγε-

126 4101 219 4168 νέων,
246 4116 303 4154 was
329 4098 359 4152 in
387 4099 477 4153 einem
506 4099 664 4154 misslichen
691 4099 794 4155 Streite
825 4097 877 4154 mit
904 4101 953 4154 der
979 4099 1111 4154 Prosodie
1141 4117 1176 4152 zu
1201 4099 1295 4168 liegen

125 4185 255 4238 schemis

198 4271 240 4338 35)
258 4269 335 4324 Haec
353 4271 417 4322 sunt
434 4268 580 4324 Nauckii
605 4270 705 4326 verba:
737 4269 819 4324 ‘Nam
844 4270 981 4338 εὐηγενήε
1004 4269 1130 4336 quamvis
1153 4269 1182 4322 el
1204 4267 1293 4326 Theo-
