<?xml version="1.0" encoding="UTF-8"?>
<!DOCTYPE html PUBLIC "-//W3C//DTD XHTML 1.0 Transitional//EN"
    "http://www.w3.org/TR/xhtml1/DTD/xhtml1-transitional.dtd">
<html xmlns="http://www.w3.org/1999/xhtml" xml:lang="en" lang="en">
 <head>
  <title>
</title>
<meta http-equiv="Content-Type" content="text/html;charset=utf-8" />
  <meta name='ocr-system' content='tesseract 3.04.00' />
  <meta name='ocr-capabilities' content='ocr_page ocr_carea ocr_par ocr_line ocrx_word'/>
</head>
<body>
  <div class='ocr_page' id='page_1' title='image "./derhianicretens01mayhgoog_0088.png"; bbox 0 0 3112 4684; ppageno 0'>
   <div class='ocr_carea' id='block_1_1' title="bbox 104 289 1283 3694">
    <p class='ocr_par' dir='ltr' id='par_1_1' title="bbox 104 289 1283 3694">
     <span class='ocr_line' id='line_1_1' title="bbox 676 289 716 349; baseline -0.025 0"><span class='ocrx_word' id='word_1_1' title='bbox 676 289 716 349; x_wconf 82' lang='lat' dir='ltr'><strong>ia</strong></span> 
     </span>
     <span class='ocr_line' id='line_1_2' title="bbox 109 471 1279 552; baseline 0.002 -20"><span class='ocrx_word' id='word_1_2' title='bbox 109 475 226 534; x_wconf 90' lang='lat' dir='ltr'><strong>intrare</strong></span> <span class='ocrx_word' id='word_1_3' title='bbox 251 474 435 549; x_wconf 58' lang='lat' dir='ltr'><strong>cogitemus</strong></span> <span class='ocrx_word' id='word_1_4' title='bbox 458 471 509 532; x_wconf 90' lang='lat' dir='ltr'><strong>sed</strong></span> <span class='ocrx_word' id='word_1_5' title='bbox 534 472 607 532; x_wconf 82' lang='lat' dir='ltr'><strong>lraec</strong></span> <span class='ocrx_word' id='word_1_6' title='bbox 631 474 707 532; x_wconf 89' lang='lat' dir='ltr'><strong>ratio</strong></span> <span class='ocrx_word' id='word_1_7' title='bbox 730 471 767 532; x_wconf 85' lang='lat' dir='ltr'><strong>ab</strong></span> <span class='ocrx_word' id='word_1_8' title='bbox 790 474 846 534; x_wconf 90' lang='lat' dir='ltr'><strong>hcc</strong></span> <span class='ocrx_word' id='word_1_9' title='bbox 869 473 935 534; x_wconf 88' lang='lat' dir='ltr'><strong>loco</strong></span> <span class='ocrx_word' id='word_1_10' title='bbox 957 474 1044 552; x_wconf 91' lang='lat' dir='ltr'><strong>plane</strong></span> <span class='ocrx_word' id='word_1_11' title='bbox 1066 474 1218 535; x_wconf 89' lang='lat' dir='ltr'><strong>abhorret.</strong></span> <span class='ocrx_word' id='word_1_12' title='bbox 1242 475 1279 536; x_wconf 87' lang='lat' dir='ltr'><strong>Et</strong></span> 
     </span>
     <span class='ocr_line' id='line_1_3' title="bbox 107 572 1280 653; baseline 0.003 -19"><span class='ocrx_word' id='word_1_13' title='bbox 107 575 168 634; x_wconf 92' lang='lat' dir='ltr'><strong>hoc</strong></span> <span class='ocrx_word' id='word_1_14' title='bbox 195 591 313 653; x_wconf 87' lang='lat' dir='ltr'><strong>qnoque</strong></span> <span class='ocrx_word' id='word_1_15' title='bbox 347 573 421 633; x_wconf 89' lang='lat' dir='ltr'><strong>ierri</strong></span> <span class='ocrx_word' id='word_1_16' title='bbox 454 574 561 650; x_wconf 86' lang='lat' dir='ltr'><strong>possit,</strong></span> <span class='ocrx_word' id='word_1_17' title='bbox 596 573 621 632; x_wconf 91' lang='lat' dir='ltr'><strong>si</strong></span> <span class='ocrx_word' id='word_1_18' title='bbox 649 573 730 632; x_wconf 92' lang='lat' dir='ltr'><strong>dicas</strong></span> <span class='ocrx_word' id='word_1_19' title='bbox 757 572 805 636; x_wconf 77' lang='grc' dir='ltr'><strong>οὶ(</strong></span> <span class='ocrx_word' id='word_1_20' title='bbox 832 572 945 638; x_wconf 80' lang='grc' dir='ltr'>τόεεον</span> <span class='ocrx_word' id='word_1_21' title='bbox 973 573 1064 638; x_wconf 76' lang='lat' dir='ltr'><strong>tilde</strong></span> <span class='ocrx_word' id='word_1_22' title='bbox 1085 573 1280 653; x_wconf 79' lang='grc' dir='ltr'>πρήεεοντεε</span> 
     </span>
     <span class='ocr_line' id='line_1_4' title="bbox 107 672 1277 756; baseline 0 -20"><span class='ocrx_word' id='word_1_23' title='bbox 107 672 252 754; x_wconf 83' lang='grc' dir='ltr'>ἀπῆμεν,</span> <span class='ocrx_word' id='word_1_24' title='bbox 283 683 315 734; x_wconf 95' lang='lat' dir='ltr'><strong>ut</strong></span> <span class='ocrx_word' id='word_1_25' title='bbox 338 675 375 734; x_wconf 89' lang='lat' dir='ltr'><strong>sit</strong></span> <span class='ocrx_word' id='word_1_26' title='bbox 397 674 518 752; x_wconf 94' lang='lat' dir='ltr'><strong>duplum</strong></span> <span class='ocrx_word' id='word_1_27' title='bbox 541 675 668 750; x_wconf 90' lang='lat' dir='ltr'><strong>spatium</strong></span> <span class='ocrx_word' id='word_1_28' title='bbox 698 676 790 736; x_wconf 89' lang='lat' dir='ltr'><strong>maris</strong></span> <span class='ocrx_word' id='word_1_29' title='bbox 812 677 873 736; x_wconf 91' lang='lat' dir='ltr'><strong>sive</strong></span> <span class='ocrx_word' id='word_1_30' title='bbox 902 678 960 736; x_wconf 90' lang='lat' dir='ltr'><strong>iter</strong></span> <span class='ocrx_word' id='word_1_31' title='bbox 988 675 1094 754; x_wconf 83' lang='lat' dir='ltr'>duplae</span> <span class='ocrx_word' id='word_1_32' title='bbox 1119 673 1277 756; x_wconf 82' lang='lat' dir='ltr'><strong>longitudi-</strong></span> 
     </span>
     <span class='ocr_line' id='line_1_5' title="bbox 108 776 1277 852; baseline 0.002 -16"><span class='ocrx_word' id='word_1_33' title='bbox 108 779 175 846; x_wconf 76' lang='lat' dir='ltr'><strong>nis:</strong></span> <span class='ocrx_word' id='word_1_34' title='bbox 199 776 250 836; x_wconf 90' lang='lat' dir='ltr'><strong>sed</strong></span> <span class='ocrx_word' id='word_1_35' title='bbox 266 779 362 852; x_wconf 72' lang='lat' dir='ltr'><strong>ipsum</strong></span> <span class='ocrx_word' id='word_1_36' title='bbox 386 791 471 834; x_wconf 86' lang='lat' dir='ltr'><strong>mure</strong></span> <span class='ocrx_word' id='word_1_37' title='bbox 487 778 638 850; x_wconf 80' lang='lat' dir='ltr'><strong>perficere</strong></span> <span class='ocrx_word' id='word_1_38' title='bbox 660 781 741 838; x_wconf 89' lang='lat' dir='ltr'><strong>recte</strong></span> <span class='ocrx_word' id='word_1_39' title='bbox 765 777 824 836; x_wconf 88' lang='lat' dir='ltr'><strong>dici</strong></span> <span class='ocrx_word' id='word_1_40' title='bbox 847 777 925 837; x_wconf 93' lang='lat' dir='ltr'><strong>haud</strong></span> <span class='ocrx_word' id='word_1_41' title='bbox 949 779 1160 838; x_wconf 80' lang='lat' dir='ltr'><strong>concesserim.</strong></span> <span class='ocrx_word' id='word_1_42' title='bbox 1195 777 1277 846; x_wconf 58' lang='lat' dir='ltr'><strong>,Nam</strong></span> 
     </span>
     <span class='ocr_line' id='line_1_6' title="bbox 108 873 1279 956; baseline 0.004 -21"><span class='ocrx_word' id='word_1_43' title='bbox 108 891 143 937; x_wconf 86' lang='lat' dir='ltr'><strong>ut</strong></span> <span class='ocrx_word' id='word_1_44' title='bbox 166 877 304 942; x_wconf 80' lang='lat' dir='ltr'><strong>afferam,</strong></span> <span class='ocrx_word' id='word_1_45' title='bbox 334 894 410 956; x_wconf 90' lang='lat' dir='ltr'><strong>quae</strong></span> <span class='ocrx_word' id='word_1_46' title='bbox 432 885 587 953; x_wconf 79' lang='lat' dir='ltr'><strong>praeterea</strong></span> <span class='ocrx_word' id='word_1_47' title='bbox 610 877 710 936; x_wconf 81' lang='lat' dir='ltr'><strong>afferri</strong></span> <span class='ocrx_word' id='word_1_48' title='bbox 733 885 875 954; x_wconf 84' lang='lat' dir='ltr'><strong>possunt,</strong></span> <span class='ocrx_word' id='word_1_49' title='bbox 906 873 1015 940; x_wconf 77' lang='lat'><strong>3785</strong></span> <span class='ocrx_word' id='word_1_50' title='bbox 1036 885 1067 937; x_wconf 94' lang='lat' dir='ltr'><strong>et</strong></span> <span class='ocrx_word' id='word_1_51' title='bbox 1090 876 1110 938; x_wconf 87' lang='grc' dir='ltr'>Γ</span> <span class='ocrx_word' id='word_1_52' title='bbox 1134 876 1174 938; x_wconf 94' lang='grc'><strong>14</strong></span> <span class='ocrx_word' id='word_1_53' title='bbox 1195 877 1279 955; x_wconf 85' lang='grc' dir='ltr'>μάλα</span> 
     </span>
     <span class='ocr_line' id='line_1_7' title="bbox 108 973 1278 1060; baseline 0.001 -20"><span class='ocrx_word' id='word_1_54' title='bbox 108 977 146 1040; x_wconf 85' lang='grc' dir='ltr'><strong>δ’</strong></span> <span class='ocrx_word' id='word_1_55' title='bbox 168 976 235 1040; x_wconf 81' lang='grc' dir='ltr'><strong>ὦκα</strong></span> <span class='ocrx_word' id='word_1_56' title='bbox 258 975 446 1054; x_wconf 80' lang='grc' dir='ltr'>οιέπρηεεον</span> <span class='ocrx_word' id='word_1_57' title='bbox 461 976 604 1058; x_wconf 83' lang='grc' dir='ltr'>πεδίοιο,</span> <span class='ocrx_word' id='word_1_58' title='bbox 626 973 779 1040; x_wconf 59' lang='grc'><strong>1136401</strong></span> <span class='ocrx_word' id='word_1_59' title='bbox 802 977 834 1040; x_wconf 78' lang='grc' dir='ltr'><strong>δ’</strong></span> <span class='ocrx_word' id='word_1_60' title='bbox 857 975 924 1041; x_wconf 83' lang='grc' dir='ltr'><strong>ὦκα</strong></span> <span class='ocrx_word' id='word_1_61' title='bbox 940 977 1127 1057; x_wconf 79' lang='grc' dir='ltr'>διέπρηεεον</span> <span class='ocrx_word' id='word_1_62' title='bbox 1142 977 1278 1060; x_wconf 84' lang='grc' dir='ltr'><strong>πεδίοιο,</strong></span> 
     </span>
     <span class='ocr_line' id='line_1_8' title="bbox 108 1079 1278 1159; baseline 0.001 -19"><span class='ocrx_word' id='word_1_63' title='bbox 108 1100 146 1140; x_wconf 83' lang='lat' dir='ltr'><strong>ex</strong></span> <span class='ocrx_word' id='word_1_64' title='bbox 170 1080 218 1141; x_wconf 90' lang='lat' dir='ltr'><strong>his</strong></span> <span class='ocrx_word' id='word_1_65' title='bbox 240 1079 384 1158; x_wconf 90' lang='lat' dir='ltr'><strong>praesidii</strong></span> <span class='ocrx_word' id='word_1_66' title='bbox 408 1079 482 1139; x_wconf 87' lang='lat' dir='ltr'>nihil</span> <span class='ocrx_word' id='word_1_67' title='bbox 504 1081 608 1158; x_wconf 91' lang='lat' dir='ltr'><strong>quaeri</strong></span> <span class='ocrx_word' id='word_1_68' title='bbox 630 1086 743 1158; x_wconf 90' lang='lat' dir='ltr'><strong>potest,</strong></span> <span class='ocrx_word' id='word_1_69' title='bbox 767 1081 992 1159; x_wconf 93' lang='lat' dir='ltr'><strong>primumquod</strong></span> <span class='ocrx_word' id='word_1_70' title='bbox 1009 1099 1068 1141; x_wconf 92' lang='lat' dir='ltr'><strong>non</strong></span> <span class='ocrx_word' id='word_1_71' title='bbox 1094 1087 1278 1144; x_wconf 88' lang='lat' dir='ltr'><strong>accusativus</strong></span> 
     </span>
     <span class='ocr_line' id='line_1_9' title="bbox 108 1179 1277 1261; baseline 0 -19"><span class='ocrx_word' id='word_1_72' title='bbox 108 1182 215 1242; x_wconf 90' lang='lat' dir='ltr'><strong>localis</strong></span> <span class='ocrx_word' id='word_1_73' title='bbox 243 1199 330 1260; x_wconf 90' lang='lat' dir='ltr'><strong>quem</strong></span> <span class='ocrx_word' id='word_1_74' title='bbox 359 1188 466 1241; x_wconf 89' lang='lat' dir='ltr'><strong>vocant</strong></span> <span class='ocrx_word' id='word_1_75' title='bbox 493 1183 608 1260; x_wconf 86' lang='lat' dir='ltr'><strong>positus</strong></span> <span class='ocrx_word' id='word_1_76' title='bbox 636 1188 681 1240; x_wconf 89' lang='lat' dir='ltr'><strong>est</strong></span> <span class='ocrx_word' id='word_1_77' title='bbox 710 1181 773 1257; x_wconf 87' lang='lat' dir='ltr'><strong>(clr.</strong></span> <span class='ocrx_word' id='word_1_78' title='bbox 801 1181 972 1259; x_wconf 82' lang='lat' dir='ltr'><strong>Kruegerus</strong></span> <span class='ocrx_word' id='word_1_79' title='bbox 994 1200 1039 1261; x_wconf 84' lang='lat' dir='ltr'><strong>gr.</strong></span> <span class='ocrx_word' id='word_1_80' title='bbox 1063 1199 1108 1260; x_wconf 87' lang='lat' dir='ltr'><strong>gr.</strong></span> <span class='ocrx_word' id='word_1_81' title='bbox 1131 1181 1157 1242; x_wconf 94' lang='lat' dir='ltr'><strong>ll</strong></span> <span class='ocrx_word' id='word_1_82' title='bbox 1180 1180 1203 1260; x_wconf 63' lang='lat'>5</span> <span class='ocrx_word' id='word_1_83' title='bbox 1226 1179 1277 1253; x_wconf 99' lang='grc'><strong>46,</strong></span> 
     </span>
     <span class='ocr_line' id='line_1_10' title="bbox 109 1274 1278 1363; baseline 0.002 -21"><span class='ocrx_word' id='word_1_84' title='bbox 109 1282 140 1353; x_wconf 90' lang='grc'><strong>1,</strong></span> <span class='ocrx_word' id='word_1_85' title='bbox 164 1281 205 1363; x_wconf 89' lang='grc'><strong>2),</strong></span> <span class='ocrx_word' id='word_1_86' title='bbox 231 1282 338 1343; x_wconf 92' lang='lat' dir='ltr'><strong>deinde</strong></span> <span class='ocrx_word' id='word_1_87' title='bbox 362 1282 441 1361; x_wconf 92' lang='lat' dir='ltr'><strong>quod</strong></span> <span class='ocrx_word' id='word_1_88' title='bbox 471 1281 520 1342; x_wconf 89' lang='lat' dir='ltr'><strong>illa</strong></span> <span class='ocrx_word' id='word_1_89' title='bbox 549 1274 631 1342; x_wconf 88' lang='lat' dir='ltr'><strong>notio</strong></span> <span class='ocrx_word' id='word_1_90' title='bbox 653 1299 685 1342; x_wconf 88' lang='lat' dir='ltr'><strong>se</strong></span> <span class='ocrx_word' id='word_1_91' title='bbox 709 1283 846 1344; x_wconf 91' lang='lat' dir='ltr'><strong>movendi</strong></span> <span class='ocrx_word' id='word_1_92' title='bbox 875 1283 920 1343; x_wconf 87' lang='lat' dir='ltr'><strong>vel</strong></span> <span class='ocrx_word' id='word_1_93' title='bbox 948 1283 1278 1362; x_wconf 66' lang='lat' dir='ltr'><strong>percurrendi-quam</strong></span> 
     </span>
     <span class='ocr_line' id='line_1_11' title="bbox 107 1381 1277 1464; baseline -0.001 -19"><span class='ocrx_word' id='word_1_94' title='bbox 107 1384 334 1452; x_wconf 80' lang='lat' dir='ltr'><strong>desideramus,</strong></span> <span class='ocrx_word' id='word_1_95' title='bbox 358 1400 417 1442; x_wconf 91' lang='lat' dir='ltr'><strong>non</strong></span> <span class='ocrx_word' id='word_1_96' title='bbox 441 1381 534 1442; x_wconf 89' lang='lat' dir='ltr'><strong>verbo</strong></span> <span class='ocrx_word' id='word_1_97' title='bbox 557 1383 702 1462; x_wconf 81' lang='lat' dir='ltr'><strong>simplici,</strong></span> <span class='ocrx_word' id='word_1_98' title='bbox 731 1383 782 1444; x_wconf 92' lang='lat' dir='ltr'><strong>sed</strong></span> <span class='ocrx_word' id='word_1_99' title='bbox 810 1387 1033 1464; x_wconf 79' lang='lat' dir='ltr'><strong>praepositione</strong></span> <span class='ocrx_word' id='word_1_100' title='bbox 1061 1382 1112 1448; x_wconf 86' lang='grc' dir='ltr'><strong>διά</strong></span> <span class='ocrx_word' id='word_1_101' title='bbox 1135 1387 1277 1462; x_wconf 85' lang='lat' dir='ltr'><strong>exprimi-</strong></span> 
     </span>
     <span class='ocr_line' id='line_1_12' title="bbox 105 1483 1277 1564; baseline 0 -18"><span class='ocrx_word' id='word_1_102' title='bbox 105 1495 175 1558; x_wconf 90' lang='lat' dir='ltr'><strong>tur;</strong></span> <span class='ocrx_word' id='word_1_103' title='bbox 199 1487 300 1546; x_wconf 91' lang='lat' dir='ltr'><strong>omnia</strong></span> <span class='ocrx_word' id='word_1_104' title='bbox 323 1492 421 1546; x_wconf 91' lang='lat' dir='ltr'><strong>autem</strong></span> <span class='ocrx_word' id='word_1_105' title='bbox 444 1483 535 1544; x_wconf 90' lang='lat' dir='ltr'><strong>verba</strong></span> <span class='ocrx_word' id='word_1_106' title='bbox 558 1505 574 1546; x_wconf 93' lang='lat' dir='ltr'><strong>a</strong></span> <span class='ocrx_word' id='word_1_107' title='bbox 597 1484 753 1562; x_wconf 83' lang='lat' dir='ltr'><strong>Kruegero</strong></span> <span class='ocrx_word' id='word_1_108' title='bbox 776 1485 796 1544; x_wconf 92' lang='lat' dir='ltr'><strong>l.</strong></span> <span class='ocrx_word' id='word_1_109' title='bbox 820 1486 839 1544; x_wconf 92' lang='grc'><strong>1.</strong></span> <span class='ocrx_word' id='word_1_110' title='bbox 868 1484 991 1546; x_wconf 89' lang='lat' dir='ltr'><strong>collecta</strong></span> <span class='ocrx_word' id='word_1_111' title='bbox 1019 1494 1156 1548; x_wconf 90' lang='lat' dir='ltr'><strong>motum</strong></span> <span class='ocrx_word' id='word_1_112' title='bbox 1185 1488 1277 1564; x_wconf 81' lang='lat' dir='ltr'><strong>sigui·</strong></span> 
     </span>
     <span class='ocr_line' id='line_1_13' title="bbox 105 1582 1276 1668; baseline -0.002 -20"><span class='ocrx_word' id='word_1_113' title='bbox 105 1589 199 1648; x_wconf 84' lang='lat' dir='ltr'><strong>fiuant</strong></span> <span class='ocrx_word' id='word_1_114' title='bbox 220 1593 341 1664; x_wconf 91' lang='lat' dir='ltr'><strong>praeter</strong></span> <span class='ocrx_word' id='word_1_115' title='bbox 368 1585 539 1648; x_wconf 79' lang='grc' dir='ltr'>λιλαὶεεθαι</span> <span class='ocrx_word' id='word_1_116' title='bbox 567 1603 588 1646; x_wconf 89' lang='grc' dir='ltr'>α</span> <span class='ocrx_word' id='word_1_117' title='bbox 609 1582 672 1647; x_wconf 85' lang='grc'><strong>315</strong></span> <span class='ocrx_word' id='word_1_118' title='bbox 694 1593 725 1646; x_wconf 90' lang='lat' dir='ltr'><strong>et</strong></span> <span class='ocrx_word' id='word_1_119' title='bbox 754 1585 898 1650; x_wconf 80' lang='grc' dir='ltr'>ἔλδεεθαι</span> <span class='ocrx_word' id='word_1_120' title='bbox 926 1586 956 1649; x_wconf 87' lang='grc' dir='ltr'>Ψ</span> <span class='ocrx_word' id='word_1_121' title='bbox 981 1584 1055 1658; x_wconf 89' lang='grc'><strong>122,</strong></span> <span class='ocrx_word' id='word_1_122' title='bbox 1084 1605 1160 1668; x_wconf 87' lang='lat' dir='ltr'><strong>quae</strong></span> <span class='ocrx_word' id='word_1_123' title='bbox 1190 1587 1276 1648; x_wconf 90' lang='lat' dir='ltr'><strong>aliam</strong></span> 
     </span>
     <span class='ocr_line' id='line_1_14' title="bbox 105 1684 1277 1769; baseline 0.001 -20"><span class='ocrx_word' id='word_1_124' title='bbox 105 1688 222 1750; x_wconf 91' lang='lat' dir='ltr'><strong>habent</strong></span> <span class='ocrx_word' id='word_1_125' title='bbox 249 1689 380 1765; x_wconf 85' lang='lat' dir='ltr'><strong>genetivi</strong></span> <span class='ocrx_word' id='word_1_126' title='bbox 408 1689 570 1756; x_wconf 90' lang='lat' dir='ltr'><strong>rationem,</strong></span> <span class='ocrx_word' id='word_1_127' title='bbox 605 1696 636 1748; x_wconf 91' lang='lat' dir='ltr'><strong>et</strong></span> <span class='ocrx_word' id='word_1_128' title='bbox 662 1686 811 1764; x_wconf 76' lang='grc' dir='ltr'>πρήεεειν</span> <span class='ocrx_word' id='word_1_129' title='bbox 846 1684 957 1769; x_wconf 82' lang='grc' dir='ltr'><strong>ὁδοῖο,</strong></span> <span class='ocrx_word' id='word_1_130' title='bbox 991 1706 1077 1768; x_wconf 90' lang='lat' dir='ltr'><strong>quem</strong></span> <span class='ocrx_word' id='word_1_131' title='bbox 1107 1691 1277 1766; x_wconf 80' lang='lat' dir='ltr'><strong>genetivum</strong></span> 
     </span>
     <span class='ocr_line' id='line_1_15' title="bbox 106 1787 1276 1868; baseline -0.001 -17"><span class='ocrx_word' id='word_1_132' title='bbox 106 1808 200 1868; x_wconf 89' lang='lat' dir='ltr'><strong>supra</strong></span> <span class='ocrx_word' id='word_1_133' title='bbox 239 1789 460 1866; x_wconf 82' lang='lat' dir='ltr'><strong>explicavimus</strong></span> <span class='ocrx_word' id='word_1_134' title='bbox 509 1787 697 1867; x_wconf 81' lang='lat' dir='ltr'><strong>Quapropter</strong></span> <span class='ocrx_word' id='word_1_135' title='bbox 731 1789 786 1850; x_wconf 89' lang='lat' dir='ltr'><strong>hac</strong></span> <span class='ocrx_word' id='word_1_136' title='bbox 822 1789 994 1850; x_wconf 90' lang='lat' dir='ltr'><strong>Buttmanni</strong></span> <span class='ocrx_word' id='word_1_137' title='bbox 1031 1791 1276 1868; x_wconf 77' lang='lat' dir='ltr'><strong>interpretatione</strong></span> 
     </span>
     <span class='ocr_line' id='line_1_16' title="bbox 106 1889 1277 1968; baseline 0 -16"><span class='ocrx_word' id='word_1_138' title='bbox 106 1891 184 1952; x_wconf 90' lang='lat' dir='ltr'><strong>nihil</strong></span> <span class='ocrx_word' id='word_1_139' title='bbox 211 1891 316 1968; x_wconf 88' lang='lat' dir='ltr'><strong>prefici</strong></span> <span class='ocrx_word' id='word_1_140' title='bbox 345 1907 412 1950; x_wconf 92' lang='lat' dir='ltr'><strong>cum</strong></span> <span class='ocrx_word' id='word_1_141' title='bbox 441 1889 609 1950; x_wconf 82' lang='lat' dir='ltr'><strong>luculenter</strong></span> <span class='ocrx_word' id='word_1_142' title='bbox 631 1897 803 1968; x_wconf 88' lang='lat' dir='ltr'><strong>appareret,</strong></span> <span class='ocrx_word' id='word_1_143' title='bbox 838 1893 1017 1950; x_wconf 90' lang='lat' dir='ltr'><strong>contrariam</strong></span> <span class='ocrx_word' id='word_1_144' title='bbox 1046 1892 1108 1950; x_wconf 87' lang='lat' dir='ltr'><strong>lere</strong></span> <span class='ocrx_word' id='word_1_145' title='bbox 1139 1894 1214 1952; x_wconf 90' lang='lat' dir='ltr'><strong>viam</strong></span> <span class='ocrx_word' id='word_1_146' title='bbox 1243 1911 1277 1952; x_wconf 90' lang='lat' dir='ltr'><strong>ac</strong></span> 
     </span>
     <span class='ocr_line' id='line_1_17' title="bbox 105 1977 1277 2071; baseline 0.001 -18"><span class='ocrx_word' id='word_1_147' title='bbox 105 1995 257 2054; x_wconf 92' lang='lat' dir='ltr'><strong>rationem</strong></span> <span class='ocrx_word' id='word_1_148' title='bbox 281 1993 349 2052; x_wconf 91' lang='lat' dir='ltr'><strong>iniit</strong></span> <span class='ocrx_word' id='word_1_149' title='bbox 375 1977 627 2052; x_wconf 85' lang='lat' dir='ltr'><strong>Doederlinus</strong></span> <span class='ocrx_word' id='word_1_150' title='bbox 655 1991 744 2068; x_wconf 84' lang='lat' dir='ltr'><strong>gloss.</strong></span> <span class='ocrx_word' id='word_1_151' title='bbox 767 1991 795 2050; x_wconf 97' lang='lat' dir='ltr'><strong>ll</strong></span> <span class='ocrx_word' id='word_1_152' title='bbox 824 2008 854 2068; x_wconf 89' lang='lat' dir='ltr'><strong>p.</strong></span> <span class='ocrx_word' id='word_1_153' title='bbox 879 1988 940 2052; x_wconf 84' lang='lat'><strong>133</strong></span> <span class='ocrx_word' id='word_1_154' title='bbox 962 2011 991 2052; x_wconf 93' lang='lat' dir='ltr'><strong>n.</strong></span> <span class='ocrx_word' id='word_1_155' title='bbox 1014 1989 1074 2052; x_wconf 91' lang='grc'><strong>621</strong></span> <span class='ocrx_word' id='word_1_156' title='bbox 1103 1994 1277 2071; x_wconf 86' lang='lat' dir='ltr'><strong>perficiendi</strong></span> 
     </span>
     <span class='ocr_line' id='line_1_18' title="bbox 106 2092 1276 2170; baseline -0.001 -15"><span class='ocrx_word' id='word_1_157' title='bbox 106 2095 263 2155; x_wconf 91' lang='lat' dir='ltr'><strong>notionem</strong></span> <span class='ocrx_word' id='word_1_158' title='bbox 300 2111 360 2152; x_wconf 89' lang='lat' dir='ltr'><strong>non</strong></span> <span class='ocrx_word' id='word_1_159' title='bbox 397 2093 591 2170; x_wconf 88' lang='lat' dir='ltr'><strong>primitivam,</strong></span> <span class='ocrx_word' id='word_1_160' title='bbox 630 2092 681 2152; x_wconf 92' lang='lat' dir='ltr'><strong>sed</strong></span> <span class='ocrx_word' id='word_1_161' title='bbox 709 2092 872 2153; x_wconf 84' lang='lat' dir='ltr'><strong>derivatam</strong></span> <span class='ocrx_word' id='word_1_162' title='bbox 902 2095 1001 2170; x_wconf 89' lang='lat' dir='ltr'><strong>potius</strong></span> <span class='ocrx_word' id='word_1_163' title='bbox 1028 2095 1276 2170; x_wconf 84' lang='lat' dir='ltr'><strong>significationem</strong></span> 
     </span>
     <span class='ocr_line' id='line_1_19' title="bbox 106 2174 1275 2271; baseline 0.002 -17"><span class='ocrx_word' id='word_1_164' title='bbox 106 2196 194 2258; x_wconf 87' lang='lat' dir='ltr'><strong>verbi</strong></span> <span class='ocrx_word' id='word_1_165' title='bbox 217 2193 365 2271; x_wconf 83' lang='grc' dir='ltr'>πρήεεειν</span> <span class='ocrx_word' id='word_1_166' title='bbox 388 2174 453 2254; x_wconf 78' lang='lat' dir='ltr'><strong>esse</strong></span> <span class='ocrx_word' id='word_1_167' title='bbox 476 2202 573 2259; x_wconf 88' lang='lat' dir='ltr'><strong>ratus:</strong></span> <span class='ocrx_word' id='word_1_168' title='bbox 597 2195 772 2255; x_wconf 89' lang='lat' dir='ltr'><strong>intensivam</strong></span> <span class='ocrx_word' id='word_1_169' title='bbox 796 2197 876 2256; x_wconf 89' lang='lat' dir='ltr'><strong>enim</strong></span> <span class='ocrx_word' id='word_1_170' title='bbox 899 2193 984 2254; x_wconf 90' lang='lat' dir='ltr'><strong>verbi</strong></span> <span class='ocrx_word' id='word_1_171' title='bbox 1011 2192 1121 2270; x_wconf 89' lang='grc' dir='ltr'>περάω</span> <span class='ocrx_word' id='word_1_172' title='bbox 1150 2195 1275 2258; x_wconf 79' lang='lat' dir='ltr'><strong>formam</strong></span> 
     </span>
     <span class='ocr_line' id='line_1_20' title="bbox 107 2293 1275 2380; baseline -0.002 -22"><span class='ocrx_word' id='word_1_173' title='bbox 107 2299 185 2358; x_wconf 90' lang='lat' dir='ltr'><strong>dicit</strong></span> <span class='ocrx_word' id='word_1_174' title='bbox 213 2293 379 2372; x_wconf 81' lang='lat' dir='ltr'><strong>nepdccetv</strong></span> <span class='ocrx_word' id='word_1_175' title='bbox 414 2298 477 2356; x_wconf 92' lang='lat' dir='ltr'><strong>sive</strong></span> <span class='ocrx_word' id='word_1_176' title='bbox 509 2293 658 2372; x_wconf 79' lang='grc' dir='ltr'>πρήεεειν</span> <span class='ocrx_word' id='word_1_177' title='bbox 691 2313 756 2356; x_wconf 91' lang='lat' dir='ltr'><strong>esse</strong></span> <span class='ocrx_word' id='word_1_178' title='bbox 790 2313 824 2356; x_wconf 93' lang='lat' dir='ltr'><strong>ac</strong></span> <span class='ocrx_word' id='word_1_179' title='bbox 857 2297 978 2378; x_wconf 87' lang='lat' dir='ltr'><strong>propria</strong></span> <span class='ocrx_word' id='word_1_180' title='bbox 1006 2297 1105 2356; x_wconf 91' lang='lat' dir='ltr'><strong>valere</strong></span> <span class='ocrx_word' id='word_1_181' title='bbox 1134 2297 1164 2358; x_wconf 90' lang='lat' dir='ltr'><strong>id</strong></span> <span class='ocrx_word' id='word_1_182' title='bbox 1197 2297 1275 2380; x_wconf 86' lang='lat' dir='ltr'><strong>quod</strong></span> 
     </span>
     <span class='ocr_line' id='line_1_21' title="bbox 106 2393 1277 2474; baseline -0.003 -13"><span class='ocrx_word' id='word_1_183' title='bbox 106 2397 350 2466; x_wconf 75' lang='lat' dir='ltr'><strong>‘durchbohrem</strong></span> <span class='ocrx_word' id='word_1_184' title='bbox 380 2396 662 2466; x_wconf 90' lang='lat' dir='ltr'><strong>durchschneiden’,</strong></span> <span class='ocrx_word' id='word_1_185' title='bbox 696 2403 730 2456; x_wconf 91' lang='lat' dir='ltr'><strong>ut</strong></span> <span class='ocrx_word' id='word_1_186' title='bbox 755 2393 819 2459; x_wconf 85' lang='grc' dir='ltr'><strong>ἅλα</strong></span> <span class='ocrx_word' id='word_1_187' title='bbox 846 2397 1041 2474; x_wconf 79' lang='grc' dir='ltr'>πρήεεοντεε</span> <span class='ocrx_word' id='word_1_188' title='bbox 1068 2397 1147 2458; x_wconf 90' lang='lat' dir='ltr'><strong>idem</strong></span> <span class='ocrx_word' id='word_1_189' title='bbox 1176 2401 1214 2460; x_wconf 91' lang='lat' dir='ltr'><strong>sit</strong></span> <span class='ocrx_word' id='word_1_190' title='bbox 1243 2418 1277 2459; x_wconf 87' lang='lat' dir='ltr'><strong>ao</strong></span> 
     </span>
     <span class='ocr_line' id='line_1_22' title="bbox 106 2495 1277 2578; baseline -0.003 -14"><span class='ocrx_word' id='word_1_191' title='bbox 106 2500 232 2578; x_wconf 86' lang='grc' dir='ltr'>κύματα</span> <span class='ocrx_word' id='word_1_192' title='bbox 253 2497 421 2574; x_wconf 70' lang='grc' dir='ltr'>πείροντες</span> <span class='ocrx_word' id='word_1_193' title='bbox 443 2505 474 2558; x_wconf 92' lang='lat' dir='ltr'><strong>et</strong></span> <span class='ocrx_word' id='word_1_194' title='bbox 488 2495 646 2560; x_wconf 81' lang='grc' dir='ltr'>θάλαεεαν</span> <span class='ocrx_word' id='word_1_195' title='bbox 661 2500 835 2575; x_wconf 70' lang='grc' dir='ltr'>περῶντες.</span> <span class='ocrx_word' id='word_1_196' title='bbox 865 2500 949 2569; x_wconf 76' lang='lat' dir='ltr'><strong>tiuod</strong></span> <span class='ocrx_word' id='word_1_197' title='bbox 966 2501 1114 2560; x_wconf 75' lang='lat' dir='ltr'><strong>Ameisius</strong></span> <span class='ocrx_word' id='word_1_198' title='bbox 1129 2518 1277 2562; x_wconf 89' lang='lat' dir='ltr'><strong>consensu</strong></span> 
     </span>
     <span class='ocr_line' id='line_1_23' title="bbox 107 2599 1276 2681; baseline -0.002 -17"><span class='ocrx_word' id='word_1_199' title='bbox 107 2622 166 2664; x_wconf 92' lang='lat' dir='ltr'><strong>suo</strong></span> <span class='ocrx_word' id='word_1_200' title='bbox 189 2601 338 2681; x_wconf 89' lang='lat' dir='ltr'><strong>probavit.</strong></span> <span class='ocrx_word' id='word_1_201' title='bbox 383 2599 472 2670; x_wconf 83' lang='lat' dir='ltr'><strong>Esto;</strong></span> <span class='ocrx_word' id='word_1_202' title='bbox 496 2607 526 2660; x_wconf 93' lang='lat' dir='ltr'><strong>at</strong></span> <span class='ocrx_word' id='word_1_203' title='bbox 547 2618 655 2660; x_wconf 89' lang='lat' dir='ltr'><strong>vereor</strong></span> <span class='ocrx_word' id='word_1_204' title='bbox 677 2601 831 2680; x_wconf 87' lang='lat' dir='ltr'><strong>equidem,</strong></span> <span class='ocrx_word' id='word_1_205' title='bbox 856 2619 894 2661; x_wconf 89' lang='lat' dir='ltr'><strong>ne</strong></span> <span class='ocrx_word' id='word_1_206' title='bbox 918 2603 963 2662; x_wconf 93' lang='lat' dir='ltr'><strong>vir</strong></span> <span class='ocrx_word' id='word_1_207' title='bbox 985 2602 1174 2662; x_wconf 90' lang='lat' dir='ltr'><strong>doctissimus</strong></span> <span class='ocrx_word' id='word_1_208' title='bbox 1195 2611 1276 2664; x_wconf 91' lang='lat' dir='ltr'><strong>tran·</strong></span> 
     </span>
     <span class='ocr_line' id='line_1_24' title="bbox 106 2701 1275 2783; baseline -0.003 -18"><span class='ocrx_word' id='word_1_209' title='bbox 106 2709 201 2766; x_wconf 90' lang='lat' dir='ltr'><strong>situm</strong></span> <span class='ocrx_word' id='word_1_210' title='bbox 225 2703 283 2764; x_wconf 90' lang='lat' dir='ltr'><strong>sibi</strong></span> <span class='ocrx_word' id='word_1_211' title='bbox 310 2701 494 2762; x_wconf 85' lang='lat' dir='ltr'><strong>obstruxerit</strong></span> <span class='ocrx_word' id='word_1_212' title='bbox 522 2702 559 2762; x_wconf 95' lang='lat' dir='ltr'><strong>ad</strong></span> <span class='ocrx_word' id='word_1_213' title='bbox 589 2703 821 2779; x_wconf 84' lang='lat' dir='ltr'><strong>significationes</strong></span> <span class='ocrx_word' id='word_1_214' title='bbox 849 2720 922 2783; x_wconf 88' lang='lat' dir='ltr'><strong>quas</strong></span> <span class='ocrx_word' id='word_1_215' title='bbox 948 2721 1088 2764; x_wconf 92' lang='lat' dir='ltr'><strong>vocamus</strong></span> <span class='ocrx_word' id='word_1_216' title='bbox 1117 2704 1275 2766; x_wconf 90' lang='lat' dir='ltr'><strong>derivatas.</strong></span> 
     </span>
     <span class='ocr_line' id='line_1_25' title="bbox 106 2803 1276 2884; baseline 0 -18"><span class='ocrx_word' id='word_1_217' title='bbox 106 2806 169 2877; x_wconf 83' lang='lat' dir='ltr'><strong>Qui</strong></span> <span class='ocrx_word' id='word_1_218' title='bbox 190 2807 237 2875; x_wconf 85' lang='lat' dir='ltr'><strong>fit,</strong></span> <span class='ocrx_word' id='word_1_219' title='bbox 260 2810 295 2864; x_wconf 92' lang='lat' dir='ltr'><strong>ut</strong></span> <span class='ocrx_word' id='word_1_220' title='bbox 315 2803 439 2864; x_wconf 89' lang='lat' dir='ltr'><strong>verbum</strong></span> <span class='ocrx_word' id='word_1_221' title='bbox 462 2803 556 2872; x_wconf 90' lang='lat' dir='ltr'><strong>istud,</strong></span> <span class='ocrx_word' id='word_1_222' title='bbox 587 2803 664 2882; x_wconf 91' lang='lat' dir='ltr'><strong>quod</strong></span> <span class='ocrx_word' id='word_1_223' title='bbox 688 2803 724 2863; x_wconf 91' lang='lat' dir='ltr'><strong>de</strong></span> <span class='ocrx_word' id='word_1_224' title='bbox 748 2821 877 2882; x_wconf 88' lang='lat' dir='ltr'><strong>aequore</strong></span> <span class='ocrx_word' id='word_1_225' title='bbox 901 2804 1028 2865; x_wconf 90' lang='lat' dir='ltr'><strong>secando</strong></span> <span class='ocrx_word' id='word_1_226' title='bbox 1051 2808 1174 2884; x_wconf 89' lang='lat' dir='ltr'><strong>proprie</strong></span> <span class='ocrx_word' id='word_1_227' title='bbox 1197 2805 1276 2866; x_wconf 84' lang='lat' dir='ltr'><strong>dica·</strong></span> 
     </span>
     <span class='ocr_line' id='line_1_26' title="bbox 107 2903 1277 2986; baseline -0.002 -17"><span class='ocrx_word' id='word_1_228' title='bbox 107 2917 175 2978; x_wconf 92' lang='lat' dir='ltr'><strong>tur,</strong></span> <span class='ocrx_word' id='word_1_229' title='bbox 198 2905 370 2986; x_wconf 85' lang='lat' dir='ltr'><strong>perficiendi</strong></span> <span class='ocrx_word' id='word_1_230' title='bbox 393 2907 544 2967; x_wconf 88' lang='lat' dir='ltr'><strong>notionem</strong></span> <span class='ocrx_word' id='word_1_231' title='bbox 567 2905 716 2966; x_wconf 79' lang='lat' dir='ltr'><strong>assumat?</strong></span> <span class='ocrx_word' id='word_1_232' title='bbox 740 2903 943 2984; x_wconf 82' lang='lat' dir='ltr'><strong>lntellegimus</strong></span> <span class='ocrx_word' id='word_1_233' title='bbox 965 2924 1035 2968; x_wconf 90' lang='lat' dir='ltr'><strong>sane</strong></span> <span class='ocrx_word' id='word_1_234' title='bbox 1057 2907 1127 2984; x_wconf 91' lang='lat' dir='ltr'><strong>quid</strong></span> <span class='ocrx_word' id='word_1_235' title='bbox 1150 2909 1189 2966; x_wconf 91' lang='lat' dir='ltr'><strong>sit</strong></span> <span class='ocrx_word' id='word_1_236' title='bbox 1210 2907 1277 2967; x_wconf 85' lang='grc' dir='ltr'>δια-</span> 
     </span>
     <span class='ocr_line' id='line_1_27' title="bbox 105 3005 1276 3087; baseline -0.005 -15"><span class='ocrx_word' id='word_1_237' title='bbox 105 3007 258 3087; x_wconf 78' lang='grc' dir='ltr'>πρήεεειν</span> <span class='ocrx_word' id='word_1_238' title='bbox 279 3005 422 3086; x_wconf 83' lang='grc' dir='ltr'>πεδίοιο,</span> <span class='ocrx_word' id='word_1_239' title='bbox 444 3024 511 3066; x_wconf 91' lang='lat' dir='ltr'><strong>cum</strong></span> <span class='ocrx_word' id='word_1_240' title='bbox 534 3006 612 3086; x_wconf 91' lang='lat' dir='ltr'><strong>quod</strong></span> <span class='ocrx_word' id='word_1_241' title='bbox 634 3009 757 3084; x_wconf 91' lang='lat' dir='ltr'><strong>proprie</strong></span> <span class='ocrx_word' id='word_1_242' title='bbox 780 3007 816 3067; x_wconf 92' lang='lat' dir='ltr'><strong>ad</strong></span> <span class='ocrx_word' id='word_1_243' title='bbox 839 3025 921 3070; x_wconf 92' lang='lat' dir='ltr'><strong>mare</strong></span> <span class='ocrx_word' id='word_1_244' title='bbox 944 3009 1107 3086; x_wconf 87' lang='lat' dir='ltr'><strong>pertineat,</strong></span> <span class='ocrx_word' id='word_1_245' title='bbox 1136 3007 1276 3068; x_wconf 87' lang='lat' dir='ltr'><strong>translate</strong></span> 
     </span>
     <span class='ocr_line' id='line_1_28' title="bbox 105 3105 1283 3188; baseline -0.004 -15"><span class='ocrx_word' id='word_1_246' title='bbox 105 3113 199 3172; x_wconf 90' lang='lat' dir='ltr'><strong>etiam</strong></span> <span class='ocrx_word' id='word_1_247' title='bbox 223 3109 259 3170; x_wconf 93' lang='lat' dir='ltr'><strong>de</strong></span> <span class='ocrx_word' id='word_1_248' title='bbox 282 3116 363 3170; x_wconf 89' lang='lat' dir='ltr'><strong>terra</strong></span> <span class='ocrx_word' id='word_1_249' title='bbox 385 3108 444 3169; x_wconf 91' lang='lat' dir='ltr'><strong>dici</strong></span> <span class='ocrx_word' id='word_1_250' title='bbox 466 3111 573 3186; x_wconf 84' lang='lat' dir='ltr'><strong>possit,</strong></span> <span class='ocrx_word' id='word_1_251' title='bbox 598 3109 650 3170; x_wconf 90' lang='lat' dir='ltr'><strong>sed</strong></span> <span class='ocrx_word' id='word_1_252' title='bbox 672 3106 821 3185; x_wconf 80' lang='grc' dir='ltr'>πρήεεειν</span> <span class='ocrx_word' id='word_1_253' title='bbox 849 3107 1002 3170; x_wconf 85' lang='grc' dir='ltr'>κέλευθον</span> <span class='ocrx_word' id='word_1_254' title='bbox 1030 3109 1076 3168; x_wconf 82' lang='grc' dir='ltr'><strong>νε1</strong></span> <span class='ocrx_word' id='word_1_255' title='bbox 1097 3105 1193 3171; x_wconf 83' lang='grc' dir='ltr'>ὁδοῖο</span> <span class='ocrx_word' id='word_1_256' title='bbox 1216 3127 1283 3188; x_wconf 84' lang='lat' dir='ltr'><strong>quo-</strong></span> 
     </span>
     <span class='ocr_line' id='line_1_29' title="bbox 105 3209 1276 3294; baseline -0.007 -18"><span class='ocrx_word' id='word_1_257' title='bbox 105 3211 199 3276; x_wconf 92' lang='lat' dir='ltr'><strong>modo</strong></span> <span class='ocrx_word' id='word_1_258' title='bbox 221 3209 355 3272; x_wconf 89' lang='lat' dir='ltr'><strong>indicare</strong></span> <span class='ocrx_word' id='word_1_259' title='bbox 376 3211 474 3289; x_wconf 90' lang='lat' dir='ltr'><strong>possit</strong></span> <span class='ocrx_word' id='word_1_260' title='bbox 495 3213 552 3270; x_wconf 81' lang='lat' dir='ltr'><strong>iter</strong></span> <span class='ocrx_word' id='word_1_261' title='bbox 567 3213 733 3290; x_wconf 80' lang='lat' dir='ltr'><strong>perficere,</strong></span> <span class='ocrx_word' id='word_1_262' title='bbox 764 3211 885 3270; x_wconf 82' lang='lat' dir='ltr'><strong>difficile</strong></span> <span class='ocrx_word' id='word_1_263' title='bbox 913 3220 959 3270; x_wconf 90' lang='lat' dir='ltr'><strong>est</strong></span> <span class='ocrx_word' id='word_1_264' title='bbox 979 3209 1147 3280; x_wconf 87' lang='lat' dir='ltr'><strong>intellectu,</strong></span> <span class='ocrx_word' id='word_1_265' title='bbox 1172 3209 1276 3294; x_wconf 78' lang='lat' dir='ltr'><strong>diffici-</strong></span> 
     </span>
     <span class='ocr_line' id='line_1_30' title="bbox 104 3308 1277 3391; baseline -0.004 -14"><span class='ocrx_word' id='word_1_266' title='bbox 104 3317 169 3378; x_wconf 88' lang='lat' dir='ltr'><strong>lius</strong></span> <span class='ocrx_word' id='word_1_267' title='bbox 191 3316 281 3375; x_wconf 89' lang='lat' dir='ltr'><strong>etiam</strong></span> <span class='ocrx_word' id='word_1_268' title='bbox 296 3311 446 3390; x_wconf 80' lang='grc' dir='ltr'>πρήεεειν</span> <span class='ocrx_word' id='word_1_269' title='bbox 461 3308 558 3387; x_wconf 83' lang='grc' dir='ltr'>ἔργον</span> <span class='ocrx_word' id='word_1_270' title='bbox 580 3330 625 3391; x_wconf 87' lang='grc' dir='ltr'><strong>τι,</strong></span> <span class='ocrx_word' id='word_1_271' title='bbox 654 3313 703 3374; x_wconf 91' lang='lat' dir='ltr'><strong>cui</strong></span> <span class='ocrx_word' id='word_1_272' title='bbox 725 3330 790 3374; x_wconf 88' lang='lat' dir='ltr'><strong>cum</strong></span> <span class='ocrx_word' id='word_1_273' title='bbox 815 3311 935 3372; x_wconf 91' lang='lat' dir='ltr'><strong>secandi</strong></span> <span class='ocrx_word' id='word_1_274' title='bbox 958 3313 1080 3372; x_wconf 91' lang='lat' dir='ltr'><strong>notione</strong></span> <span class='ocrx_word' id='word_1_275' title='bbox 1104 3309 1216 3372; x_wconf 93' lang='lat' dir='ltr'><strong>nullum</strong></span> <span class='ocrx_word' id='word_1_276' title='bbox 1231 3320 1277 3372; x_wconf 90' lang='lat' dir='ltr'><strong>est</strong></span> 
     </span>
     <span class='ocr_line' id='line_1_31' title="bbox 105 3397 1275 3491; baseline -0.003 -13"><span class='ocrx_word' id='word_1_277' title='bbox 105 3397 307 3478; x_wconf 84' lang='lat' dir='ltr'><strong>consortium.</strong></span> <span class='ocrx_word' id='word_1_278' title='bbox 352 3413 403 3474; x_wconf 88' lang='lat' dir='ltr'><strong>Sic</strong></span> <span class='ocrx_word' id='word_1_279' title='bbox 424 3415 518 3491; x_wconf 79' lang='lat' dir='ltr'><strong>igitur</strong></span> <span class='ocrx_word' id='word_1_280' title='bbox 539 3431 590 3474; x_wconf 89' lang='lat' dir='ltr'><strong>res</strong></span> <span class='ocrx_word' id='word_1_281' title='bbox 611 3432 643 3474; x_wconf 90' lang='lat' dir='ltr'><strong>se</strong></span> <span class='ocrx_word' id='word_1_282' title='bbox 666 3413 769 3474; x_wconf 90' lang='lat' dir='ltr'><strong>hahet:</strong></span> <span class='ocrx_word' id='word_1_283' title='bbox 793 3413 966 3475; x_wconf 89' lang='lat' dir='ltr'><strong>Buttmanni</strong></span> <span class='ocrx_word' id='word_1_284' title='bbox 988 3415 1066 3474; x_wconf 88' lang='lat' dir='ltr'><strong>ratio</strong></span> <span class='ocrx_word' id='word_1_285' title='bbox 1089 3414 1196 3476; x_wconf 88' lang='lat' dir='ltr'><strong>ceteris</strong></span> <span class='ocrx_word' id='word_1_286' title='bbox 1211 3432 1275 3474; x_wconf 89' lang='lat' dir='ltr'><strong>ver-</strong></span> 
     </span>
     <span class='ocr_line' id='line_1_32' title="bbox 106 3511 1274 3596; baseline -0.003 -17"><span class='ocrx_word' id='word_1_287' title='bbox 106 3519 196 3580; x_wconf 88' lang='lat' dir='ltr'><strong>sibus</strong></span> <span class='ocrx_word' id='word_1_288' title='bbox 219 3515 403 3596; x_wconf 84' lang='lat' dir='ltr'><strong>explicandis</strong></span> <span class='ocrx_word' id='word_1_289' title='bbox 425 3515 531 3574; x_wconf 89' lang='lat' dir='ltr'><strong>idonea</strong></span> <span class='ocrx_word' id='word_1_290' title='bbox 555 3521 617 3585; x_wconf 90' lang='lat' dir='ltr'><strong>est,</strong></span> <span class='ocrx_word' id='word_1_291' title='bbox 641 3514 711 3575; x_wconf 88' lang='lat' dir='ltr'><strong>huie</strong></span> <span class='ocrx_word' id='word_1_292' title='bbox 733 3517 786 3575; x_wconf 90' lang='lat' dir='ltr'><strong>uni</strong></span> <span class='ocrx_word' id='word_1_293' title='bbox 809 3531 819 3573; x_wconf 85' lang='grc' dir='ltr'><strong>ι</strong></span> <span class='ocrx_word' id='word_1_294' title='bbox 840 3511 903 3575; x_wconf 90' lang='grc'><strong>491</strong></span> <span class='ocrx_word' id='word_1_295' title='bbox 927 3512 990 3577; x_wconf 83' lang='grc' dir='ltr'><strong>ἅλα</strong></span> <span class='ocrx_word' id='word_1_296' title='bbox 1004 3514 1202 3592; x_wconf 77' lang='grc' dir='ltr'>πρήεεοντεε</span> <span class='ocrx_word' id='word_1_297' title='bbox 1224 3516 1274 3576; x_wconf 92' lang='lat' dir='ltr'><strong>ad·</strong></span> 
     </span>
     <span class='ocr_line' id='line_1_33' title="bbox 105 3617 1277 3694; baseline -0.004 -13"><span class='ocrx_word' id='word_1_298' title='bbox 105 3620 209 3682; x_wconf 91' lang='lat' dir='ltr'><strong>hiberi</strong></span> <span class='ocrx_word' id='word_1_299' title='bbox 231 3637 290 3679; x_wconf 90' lang='lat' dir='ltr'><strong>non</strong></span> <span class='ocrx_word' id='word_1_300' title='bbox 313 3624 426 3694; x_wconf 88' lang='lat' dir='ltr'><strong>potest;</strong></span> <span class='ocrx_word' id='word_1_301' title='bbox 450 3617 647 3678; x_wconf 88' lang='lat' dir='ltr'><strong>Doederlinus</strong></span> <span class='ocrx_word' id='word_1_302' title='bbox 668 3617 748 3677; x_wconf 91' lang='lat' dir='ltr'><strong>hunc</strong></span> <span class='ocrx_word' id='word_1_303' title='bbox 770 3635 863 3676; x_wconf 90' lang='lat' dir='ltr'><strong>unum</strong></span> <span class='ocrx_word' id='word_1_304' title='bbox 891 3635 1008 3677; x_wconf 91' lang='lat' dir='ltr'><strong>versum</strong></span> <span class='ocrx_word' id='word_1_305' title='bbox 1038 3619 1109 3677; x_wconf 87' lang='lat' dir='ltr'><strong>satis</strong></span> <span class='ocrx_word' id='word_1_306' title='bbox 1136 3618 1223 3680; x_wconf 88' lang='lat' dir='ltr'><strong>lacile</strong></span> <span class='ocrx_word' id='word_1_307' title='bbox 1246 3624 1277 3677; x_wconf 92' lang='lat' dir='ltr'><strong>et</strong></span> 
     </span>
    </p>
   </div>
   <div class='ocr_carea' id='block_1_2' title="bbox 21 3717 1275 3795">
    <p class='ocr_par' dir='ltr' id='par_1_2' title="bbox 21 3717 1275 3795">
     <span class='ocr_line' id='line_1_34' title="bbox 21 3717 1275 3795; baseline 0.001 -14"><span class='ocrx_word' id='word_1_308' title='bbox 21 3783 27 3794; x_wconf 70' lang='grc'><strong>,</strong></span> <span class='ocrx_word' id='word_1_309' title='bbox 106 3720 268 3792; x_wconf 85' lang='lat' dir='ltr'><strong>commode¹</strong></span> <span class='ocrx_word' id='word_1_310' title='bbox 288 3718 421 3795; x_wconf 85' lang='lat' dir='ltr'><strong>expedit,</strong></span> <span class='ocrx_word' id='word_1_311' title='bbox 444 3726 561 3778; x_wconf 87' lang='lat' dir='ltr'><strong>ceteros</strong></span> <span class='ocrx_word' id='word_1_312' title='bbox 582 3719 761 3778; x_wconf 90' lang='lat' dir='ltr'><strong>lerecmnes</strong></span> <span class='ocrx_word' id='word_1_313' title='bbox 783 3726 814 3778; x_wconf 90' lang='lat' dir='ltr'><strong>et</strong></span> <span class='ocrx_word' id='word_1_314' title='bbox 832 3719 1005 3778; x_wconf 86' lang='lat' dir='ltr'><strong>universum</strong></span> <span class='ocrx_word' id='word_1_315' title='bbox 1021 3718 1105 3778; x_wconf 91' lang='lat' dir='ltr'><strong>verbi</strong></span> <span class='ocrx_word' id='word_1_316' title='bbox 1126 3717 1275 3795; x_wconf 79' lang='lat' dir='ltr'><strong>npdccetv</strong></span> 
     </span>
    </p>
   </div>
   <div class='ocr_carea' id='block_1_3' title="bbox 106 3819 1275 3900">
    <p class='ocr_par' dir='ltr' id='par_1_3' title="bbox 106 3819 1275 3900">
     <span class='ocr_line' id='line_1_35' title="bbox 106 3819 1275 3900; baseline -0.003 -16"><span class='ocrx_word' id='word_1_317' title='bbox 106 3841 213 3890; x_wconf 91' lang='lat' dir='ltr'><strong>usum,</strong></span> <span class='ocrx_word' id='word_1_318' title='bbox 247 3821 298 3900; x_wconf 86' lang='lat' dir='ltr'><strong>qui</strong></span> <span class='ocrx_word' id='word_1_319' title='bbox 324 3826 428 3897; x_wconf 92' lang='lat' dir='ltr'><strong>postea</strong></span> <span class='ocrx_word' id='word_1_320' title='bbox 455 3819 594 3889; x_wconf 86' lang='lat' dir='ltr'><strong>invaluit,</strong></span> <span class='ocrx_word' id='word_1_321' title='bbox 630 3819 674 3880; x_wconf 94' lang='lat' dir='ltr'><strong>vel</strong></span> <span class='ocrx_word' id='word_1_322' title='bbox 698 3821 833 3880; x_wconf 85' lang='lat' dir='ltr'><strong>artificiis</strong></span> <span class='ocrx_word' id='word_1_323' title='bbox 854 3819 1071 3898; x_wconf 87' lang='lat' dir='ltr'><strong>interpretandi</strong></span> <span class='ocrx_word' id='word_1_324' title='bbox 1093 3838 1164 3880; x_wconf 88' lang='lat' dir='ltr'><strong>usus</strong></span> <span class='ocrx_word' id='word_1_325' title='bbox 1187 3838 1275 3898; x_wconf 80' lang='lat' dir='ltr'><strong>aegre</strong></span> 
     </span>
    </p>
   </div>
   <div class='ocr_carea' id='block_1_4' title="bbox 16 3921 1275 4003">
    <p class='ocr_par' dir='ltr' id='par_1_4' title="bbox 16 3921 1275 4003">
     <span class='ocr_line' id='line_1_36' title="bbox 16 3921 1275 4003; baseline -0.004 -17"><span class='ocrx_word' id='word_1_326' title='bbox 16 3931 17 3956; x_wconf 66' lang='lat'>¹</span> <span class='ocrx_word' id='word_1_327' title='bbox 106 3924 261 4003; x_wconf 81' lang='lat' dir='ltr'><strong>explicare</strong></span> <span class='ocrx_word' id='word_1_328' title='bbox 283 3929 391 4000; x_wconf 86' lang='lat' dir='ltr'><strong>potest.</strong></span> <span class='ocrx_word' id='word_1_329' title='bbox 427 3922 468 3982; x_wconf 86' lang='grc' dir='ltr'><strong>Αο</strong></span> <span class='ocrx_word' id='word_1_330' title='bbox 490 3921 607 3982; x_wconf 91' lang='lat' dir='ltr'><strong>videtur</strong></span> <span class='ocrx_word' id='word_1_331' title='bbox 628 3921 705 3981; x_wconf 90' lang='lat' dir='ltr'><strong>hane</strong></span> <span class='ocrx_word' id='word_1_332' title='bbox 727 3922 904 3998; x_wconf 88' lang='lat' dir='ltr'><strong>primitivam</strong></span> <span class='ocrx_word' id='word_1_333' title='bbox 928 3921 1171 4000; x_wconf 82' lang='lat' dir='ltr'><strong>significationem</strong></span> <span class='ocrx_word' id='word_1_334' title='bbox 1194 3922 1275 3982; x_wconf 91' lang='lat' dir='ltr'><strong>nullo</strong></span> 
     </span>
    </p>
   </div>
   <div class='ocr_carea' id='block_1_5' title="bbox 104 4022 1303 4304">
    <p class='ocr_par' dir='ltr' id='par_1_5' title="bbox 104 4022 1303 4304">
     <span class='ocr_line' id='line_1_37' title="bbox 106 4022 1274 4100; baseline -0.004 -13"><span class='ocrx_word' id='word_1_335' title='bbox 106 4025 168 4087; x_wconf 91' lang='lat' dir='ltr'><strong>alio</strong></span> <span class='ocrx_word' id='word_1_336' title='bbox 191 4023 317 4086; x_wconf 89' lang='lat' dir='ltr'><strong>consilio</strong></span> <span class='ocrx_word' id='word_1_337' title='bbox 334 4024 546 4100; x_wconf 82' lang='lat' dir='ltr'><strong>excogitavisse</strong></span> <span class='ocrx_word' id='word_1_338' title='bbox 569 4023 626 4082; x_wconf 87' lang='lat' dir='ltr'><strong>nisi</strong></span> <span class='ocrx_word' id='word_1_339' title='bbox 641 4028 673 4082; x_wconf 94' lang='lat' dir='ltr'><strong>ut</strong></span> <span class='ocrx_word' id='word_1_340' title='bbox 700 4024 752 4082; x_wconf 89' lang='lat' dir='ltr'><strong>uui</strong></span> <span class='ocrx_word' id='word_1_341' title='bbox 774 4024 871 4084; x_wconf 92' lang='lat' dir='ltr'><strong>versui</strong></span> <span class='ocrx_word' id='word_1_342' title='bbox 902 4040 965 4082; x_wconf 91' lang='lat' dir='ltr'><strong>eam</strong></span> <span class='ocrx_word' id='word_1_343' title='bbox 996 4022 1168 4089; x_wconf 90' lang='lat' dir='ltr'><strong>adhiberet;</strong></span> <span class='ocrx_word' id='word_1_344' title='bbox 1194 4031 1274 4082; x_wconf 91' lang='lat' dir='ltr'><strong>certe</strong></span> 
     </span>
     <span class='ocr_line' id='line_1_38' title="bbox 105 4121 1303 4201; baseline -0.004 -14"><span class='ocrx_word' id='word_1_345' title='bbox 105 4128 168 4188; x_wconf 89' lang='lat' dir='ltr'><strong>nisi</strong></span> <span class='ocrx_word' id='word_1_346' title='bbox 188 4127 215 4185; x_wconf 91' lang='lat' dir='ltr'><strong>is</strong></span> <span class='ocrx_word' id='word_1_347' title='bbox 237 4131 383 4193; x_wconf 84' lang='lat' dir='ltr'><strong>exstaret,</strong></span> <span class='ocrx_word' id='word_1_348' title='bbox 406 4125 453 4183; x_wconf 81' lang='lat' dir='ltr'><strong>vix</strong></span> <span class='ocrx_word' id='word_1_349' title='bbox 475 4142 540 4183; x_wconf 92' lang='lat' dir='ltr'><strong>eam</strong></span> <span class='ocrx_word' id='word_1_350' title='bbox 563 4124 688 4184; x_wconf 88' lang='lat' dir='ltr'><strong>licturus</strong></span> <span class='ocrx_word' id='word_1_351' title='bbox 709 4124 803 4185; x_wconf 87' lang='lat' dir='ltr'><strong>luisse</strong></span> <span class='ocrx_word' id='word_1_352' title='bbox 824 4123 972 4201; x_wconf 87' lang='lat' dir='ltr'><strong>putandus</strong></span> <span class='ocrx_word' id='word_1_353' title='bbox 995 4133 1049 4184; x_wconf 88' lang='lat' dir='ltr'><strong>est.</strong></span> <span class='ocrx_word' id='word_1_354' title='bbox 1094 4121 1215 4184; x_wconf 87' lang='lat' dir='ltr'><strong>Cautius</strong></span> <span class='ocrx_word' id='word_1_355' title='bbox 1238 4123 1274 4184; x_wconf 92' lang='lat' dir='ltr'><strong>de</strong></span> <span class='ocrx_word' id='word_1_356' title='bbox 1297 4126 1303 4138; x_wconf 87' lang='grc'><strong>”</strong></span> 
     </span>
     <span class='ocr_line' id='line_1_39' title="bbox 104 4219 1275 4304; baseline -0.005 -12"><span class='ocrx_word' id='word_1_357' title='bbox 104 4231 166 4292; x_wconf 91' lang='lat' dir='ltr'><strong>hac</strong></span> <span class='ocrx_word' id='word_1_358' title='bbox 192 4243 227 4286; x_wconf 88' lang='lat' dir='ltr'><strong>re</strong></span> <span class='ocrx_word' id='word_1_359' title='bbox 254 4227 315 4304; x_wconf 79' lang='lat' dir='ltr'><strong>agit</strong></span> <span class='ocrx_word' id='word_1_360' title='bbox 343 4225 377 4288; x_wconf 86' lang='lat' dir='ltr'><strong>G.</strong></span> <span class='ocrx_word' id='word_1_361' title='bbox 401 4225 554 4288; x_wconf 86' lang='lat' dir='ltr'><strong>Curtius</strong></span> <span class='ocrx_word' id='word_1_362' title='bbox 581 4231 670 4304; x_wconf 80' lang='lat' dir='ltr'><strong>etym.</strong></span> <span class='ocrx_word' id='word_1_363' title='bbox 701 4242 747 4302; x_wconf 80' lang='lat' dir='ltr'><strong>gr.</strong></span> <span class='ocrx_word' id='word_1_364' title='bbox 776 4241 806 4304; x_wconf 91' lang='lat' dir='ltr'><strong>p.</strong></span> <span class='ocrx_word' id='word_1_365' title='bbox 828 4220 891 4284; x_wconf 90' lang='grc'><strong>246</strong></span> <span class='ocrx_word' id='word_1_366' title='bbox 919 4241 948 4284; x_wconf 92' lang='lat' dir='ltr'><strong>n.</strong></span> <span class='ocrx_word' id='word_1_367' title='bbox 976 4219 1055 4294; x_wconf 83' lang='lat'><strong>358,</strong></span> <span class='ocrx_word' id='word_1_368' title='bbox 1084 4224 1136 4302; x_wconf 90' lang='lat' dir='ltr'><strong>qui</strong></span> <span class='ocrx_word' id='word_1_369' title='bbox 1163 4221 1275 4300; x_wconf 88' lang='grc' dir='ltr'>περάω</span> 
     </span>
    </p>
   </div>
   <div class='ocr_carea' id='block_1_6' title="bbox 0 0 1560 4684">
    <p class='ocr_par' dir='ltr' id='par_1_6' title="bbox 0 0 1560 4684">
     <span class='ocr_line' id='line_1_40' title="bbox 0 0 1560 4684; baseline 0 1"><span class='ocrx_word' id='word_1_370' title='bbox 0 0 1560 4684; x_wconf 95' lang='lat' dir='ltr'><strong> </strong></span> 
     </span>
    </p>
   </div>
  </div>
 </body>
</html>
