3124 4682
623 301 774 400 ...h-

114 511 182 552 eam
207 493 283 552 lerri
308 509 395 570 posse
419 494 581 561 concessit,
606 494 631 552 si
655 489 739 569 μάλα
761 507 836 552 sarae
858 491 1021 571 explicares
1045 489 1083 571 (p.
1109 489 1169 552 170
1190 493 1279 572 acini.

110 593 210 654 Simul
245 601 344 653 autem
378 600 517 674 apparet,
553 612 606 652 cnr
628 593 761 655 Rhianus
795 613 853 654 non
887 595 1069 674 acquieverit
1100 595 1131 654 in
1165 595 1280 672 vulgata

109 697 264 774 scriptura
287 691 390 771 αἴθρη.
421 694 549 755 Putabat
571 697 651 756 enim
674 698 768 774 magis
790 695 1042 756 accommodatum
1066 713 1130 756 esse
1153 696 1189 756 ad
1212 696 1280 756 deo-

109 815 180 858 rum
204 798 405 864 maiestatem,
437 797 462 856 si
485 815 543 856 non
566 795 654 856 modo
683 797 846 858 aetheriam
876 797 1056 867 claritatem,
1085 816 1161 877 qnae
1189 799 1281 858 inter·

109 899 184 958 dum
208 900 298 958 etiam
322 898 357 958 ad
373 905 483 958 terram
499 897 694 977 hominesque
717 901 897 978 pertineret,
922 899 974 958 sed
998 899 1150 960 aetherem
1172 898 1280 978 ipsum,

109 1002 226 1060 t'ontem
251 1005 280 1060 et
303 1001 451 1077 originem
474 999 554 1059 illins
577 999 721 1061 claritatis
743 1007 773 1060 et
795 999 884 1067 lueis,
909 1002 940 1060 in
964 1000 1088 1080 Olympo
1111 1019 1176 1060 csse
1201 1001 1280 1060 dire·

110 1108 214 1172 retnr;
239 1107 270 1161 et
291 1101 347 1161 hoc
370 1100 545 1161 vocabulum
568 1097 659 1178 αἴθρη
684 1119 718 1161 eo
734 1104 828 1179 magis
851 1101 1054 1162 arbitrabatur
1076 1101 1113 1162 ah
1136 1103 1191 1162 hoc
1215 1103 1280 1162 loco

110 1202 219 1263 abesse
242 1221 344 1282 posse,
368 1219 436 1262 cum
458 1202 532 1262 haec
554 1203 721 1281 splendoris
743 1205 826 1264 notio
850 1206 939 1264 etiam
954 1205 1074 1281 gravius
1096 1204 1281 1264 indicaretur

109 1303 217 1364 verbis
241 1303 339 1380 λευκή
362 1302 396 1365 δ’
419 1301 628 1382 ἐπιδέδρομεν
656 1300 757 1380 αἴγλη.
802 1304 914 1365 [lehis
937 1311 1034 1365 antem
1067 1303 1210 1384 quidquid
1234 1307 1279 1366 in-

108 1405 278 1475 dicaveris,
318 1407 441 1466 inlitiari
475 1412 557 1466 certe
589 1423 648 1466 non
682 1407 809 1484 poteris,
849 1408 937 1467 etiam
972 1405 1028 1466 hoc
1062 1407 1126 1466 loeo
1161 1409 1279 1486 conspi-

108 1526 199 1568 cuam
231 1523 297 1567 esse
326 1506 435 1568 Rhiani
469 1514 638 1568 accuratam
665 1507 840 1568 Homericae
878 1507 1020 1569 dictionis
1042 1505 1279 1569 observationem

107 1617 141 1669 et
163 1611 332 1669 scientiam.

197 1707 287 1775 157.
332 1710 487 1771 Admonita
510 1728 526 1769 a
549 1711 695 1786 Minerva,
727 1715 759 1770 nt
781 1709 817 1770 ad
839 1709 961 1770 llurium
984 1710 1109 1772 vehatur
1132 1718 1160 1770 et
1182 1702 1329 1772 vestes35

107 1811 251 1873 lavandas
274 1819 374 1884 curet,
398 1811 543 1872 Nausicaa
565 1818 695 1892 patrem,
719 1817 751 1871 ut
773 1809 833 1872 sibi
856 1829 977 1872 currum
1006 1815 1145 1892 apparari
1167 1812 1279 1884 inheat,

107 1919 198 1992 rogat
219 1913 320 1974 verbis
341 1913 404 1974 his:

239 2013 357 2078 πάππα
378 2011 461 2096 φίλ’,
484 2011 544 2077 οὐκ
566 2012 606 2078 ἀν
629 2013 668 2091 δή
691 2033 744 2092 μοι
767 2011 1010 2093 ἐφοπλίεεειαε
1033 2013 1160 2093 ἀπήνην

240 2115 370 2194 ὑψηλήν
392 2113 564 2198 ἐύκυκλον,
585 2113 640 2178 ἵνα
662 2113 761 2178 κλυτὰ
783 2113 887 2192 εἵματ’
909 2113 1034 2194 ἄγωμαι

240 2216 274 2280 ic
296 2216 443 2296 ποταμὸν
465 2217 663 2298 πλονέουεα,
686 2216 725 2280 τά
747 2236 800 2296 μοι
823 2215 1035 2295 ῥερυπωμένα
1057 2218 1171 2298 κεῖται,

75 2335 80 2368 1
107 2320 212 2382 Schol.
237 2317 534 2397 ἐφοπλίεεειαε·
571 2316 698 2382 Ῥιανόε
727 2316 1029 2400 ἐφοπλίεεειαν,
1052 2317 1203 2398 οἱδμῶεε
1225 2324 1279 2398 δη-

107 2419 231 2484 λονότι.
255 2420 328 2482 ΗΡ.
352 2421 420 2481 lure
442 2421 612 2482 Nitzschius
635 2421 661 2482 ll
683 2439 712 2498 p.
737 2417 776 2482 97
800 2421 855 2481 hae
876 2423 1047 2482 conlectura
1062 2419 1201 2482 lacillime
1224 2441 1279 2484 nos

107 2541 216 2584 carere
239 2541 327 2602 posse
357 2523 447 2584 dixit:
484 2541 553 2584 nam
582 2532 614 2583 ut
642 2524 705 2600 ipse
728 2523 870 2584 Alcinous
897 2523 979 2584 nullo
1008 2524 1163 2586 adiuvante
1193 2542 1279 2584 servo

107 2639 236 2686 currum
274 2625 401 2684 instruat
437 2625 591 2704 mulosque
629 2623 798 2693 submittat,
832 2625 889 2686 hoc
922 2626 1072 2704 postulare
1102 2625 1278 2687 Nausicaam

107 2745 200 2788 nemo
224 2745 260 2786 ex
283 2724 411 2786 lectione
434 2726 549 2804 vulgata
572 2724 707 2803 colliget,
732 2733 819 2805 atque
842 2726 916 2786 haec
938 2726 1191 2807 breviloquentia,
1220 2746 1279 2806 qua

107 2831 181 2908 quis
203 2827 302 2888 lacere
325 2827 450 2898 dicitur,
480 2847 555 2908 quae
583 2829 649 2888 fieri
678 2827 777 2897 iubet,
807 2835 867 2888 tam
895 2831 964 2888 trita
995 2835 1054 2898 est,
1082 2835 1117 2889 ut
1145 2829 1279 2906 exempla

107 2931 291 3009 conquirere
314 2947 405 3008 opera
428 2929 545 3007 perdita
563 2933 611 2994 sit.
642 2927 740 3000 Quare
756 2937 836 2990 reete
858 2931 929 2990 lacit
945 2929 1117 2991 Eustathius
1138 2947 1168 3007 p.
1186 2923 1277 3000 1551,
1381 2973 1385 2980 .

107 3029 168 3100 29,
203 3031 282 3110 quocl
305 3039 457 3108 praestare
487 3032 560 3092 dicit
587 3029 827 3113 lucullaeum,
861 3049 1038 3112 quamquam
1066 3033 1211 3092 arcessita
1233 3039 1279 3092 cst

107 3137 179 3194 eins
201 3131 359 3212 explicatio
382 3139 412 3192 et
428 3135 538 3194 mirum
555 3135 587 3193 in
603 3133 722 3194 modurn
738 3134 911 3193 artificiosa:
935 3131 973 3196 τὸ
989 3132 1025 3196 δὲ
1042 3129 1277 3211 «ἐφοπλίεειαε»

106 3232 271 3312 γράφεται
297 3233 349 3295 καὶ
377 3230 624 3313 «ἐφοπλίεειανη
662 3234 766 3310 δμῶεε
793 3231 853 3311 γὰρ
876 3232 947 3312 μετ’
975 3230 1068 3308 ὀλίγα
1096 3231 1278 3296 κελευεθέν-

106 3355 180 3408 τεε,
204 3332 250 3396 ὼε
272 3333 324 3397 καὶ
345 3332 554 3416 προεγράφη,
584 3334 737 3399 ὁπλέουει
764 3335 822 3414 τήν
845 3333 974 3412 ἅμαξαν.
1012 3333 1076 3398 έετι
1097 3335 1134 3398 δὲ
1156 3331 1278 3398 ἀετειό-

106 3456 207 3516 τερον
230 3434 310 3500 κατὰ
332 3435 487 3515 ἀφέλειαν
510 3437 700 3514 νεωτερικήν
716 3437 754 3500 τὸ
778 3435 1021 3517 «ἐφοπλίεειαεο»
1045 3433 1120 3500 ὅθεν
1137 3434 1155 3498 ὁ
1170 3435 1278 3514 γέρων

107 3537 217 3615 πατὴρ
248 3537 479 3616 διορθούμενος
512 3538 550 3601 τὸ
590 3536 709 3616 coele<
749 3538 815 3618 ἐρεῑ
847 3538 896 3602 ὅτι
935 3542 1037 3615 δμώεε
1069 3536 1278 3618 {ponticone

108 3637 319 3721 ἀπήνην,οὐ
342 3639 404 3717 μήν
427 3638 491 3713 ἐγὼ
514 3639 645 3717 δηλαδή.
675 3639 747 3710 Quis
769 3643 847 3701 enirn
871 3640 989 3720 putabit
1018 3641 1075 3701 tale
1106 3641 1277 3718 corrigendi

108 3742 242 3805 studium
267 3741 390 3802 subesse
406 3760 550 3820 responso
565 3741 697 3801 Alcinoi?
720 3741 877 3802 Praeterea
895 3743 1009 3802 viiletur
1033 3745 1063 3802 in
1079 3743 1193 3804 ultimis
1207 3761 1272 3801 ver·

108 3847 158 3906 bis
182 3841 330 3904 Eustathii
353 3843 571 3904 emendandum
594 3861 659 3902 esse
681 3840 926 3921 ἐφοπλίεεουειν
950 3841 1094 3924 ἀπήνην,
1122 3862 1189 3903 cnm
1213 3845 1277 3903 sine

108 3945 202 4006 dubio
226 3943 330 4004 afferat
352 3947 446 4022 patris
468 3944 558 4004 verba
581 3962 617 4003 cx
641 3962 726 4005 versu
751 3941 801 4004 69.

196 4041 300 4110 1132.
325 4045 438 4114 Vlixes,
462 4047 512 4126 qni
528 4063 703 4124 quamquam
720 4047 815 4107 nudus
832 4054 890 4115 est,
908 4049 937 4106 in
955 4046 1117 4125 pnellarum
1135 4037 1327 4123 comper-36

108 4159 175 4210 tum
197 4149 299 4206 venire
323 4165 381 4207 non
405 4146 534 4216 dubitat,
558 4145 625 4207 cum
647 4147 732 4207 leone
754 4155 956 4226 eomparatur,
981 4149 1030 4226 qui
1053 4148 1131 4206 lame
1154 4152 1276 4206 vexatus

108 4252 203 4312 boum
226 4251 361 4311 oviumve
384 4266 490 4328 greges
511 4250 649 4312 invadere
672 4247 775 4310 audet:
