3124 4682
760 308 911 404 ge—

254 497 407 558 babiiilate
430 496 619 558 concluditur
642 515 677 556 11
700 497 814 557 scholio
837 497 873 557 ad
896 495 926 560 Ψ
947 494 1003 566 81,
1028 497 1080 558 ubi
1103 498 1244 576 Didymus
1266 497 1419 559 Rhianeae

253 599 392 660 lectionis
428 607 533 658 testem
570 598 670 658 laudat
707 598 881 660 Clearchum
918 599 1065 678 quendam
1108 599 1361 678 glossographum.
1379 597 1416 680 ²⁰)

254 699 394 760 Scholion
417 707 516 760 autem
538 699 594 758 hoc
617 705 677 760 ost:
708 695 949 776 εὐηγενέων·
972 697 1203 779 Ἀριετοφάνηε
1225 697 1277 762 καὶ
1290 697 1418 764 Ῥιανὸς

254 797 501 880 εὐηφενέων,
534 797 570 862 εὖ
602 804 648 880 τῷ
670 798 785 882 ἀφὲνῳ
807 799 999 879 χρωμένων,
1028 797 1072 864 ωε
1102 799 1262 878 Κλέαρχος
1290 799 1326 864 ἐν
1348 803 1418 865 ταῖς

252 899 416 974 chunone.
464 901 526 962 lam
556 901 644 962 facile
676 904 823 981 quispiam
851 902 1029 971 crediderit,
1065 901 1200 962 Clearobi
1234 906 1417 964 mentionem

253 1021 312 1062 non
340 1003 375 1062 ad
404 1003 562 1063 lectionem
590 1002 686 1072 illam,
717 1003 769 1062 scd
798 1001 835 1062 ad
865 1002 960 1062 solum
989 1004 1304 1081 interpretamentum,
1339 1005 1416 1082 quod

253 1104 401 1164 adiectum
424 1112 483 1173 est,
507 1107 675 1183 pertinere;
699 1111 728 1162 at
750 1121 805 1162 cur
820 1103 978 1182 Didymus,
1002 1104 1090 1164 bomo
1112 1122 1183 1164 suae
1207 1107 1312 1164 aetatis
1328 1105 1416 1182 longe

252 1206 486 1274 eruditissimus,
511 1207 542 1264 in
565 1204 620 1264 hac
642 1221 675 1264 re
698 1202 735 1264 ad
751 1203 885 1264 Clearcbi
908 1203 1073 1266 doctrinam
1089 1206 1251 1283 confugere
1267 1205 1415 1275 debuerit,

252 1325 311 1367 non
334 1308 405 1368 satis
427 1305 628 1383 intellegitur,
658 1323 725 1365 cunr
748 1305 886 1365 adiectivi
914 1301 1073 1384 er’rqcpevr'yc
1095 1308 1179 1384 origo
1201 1314 1231 1366 et
1253 1309 1334 1367 notio
1355 1327 1415 1368 non

252 1426 286 1467 ea
310 1409 363 1477 sit,
387 1425 463 1487 quae
486 1405 608 1467 dilsscile
631 1407 852 1486 perspiciatur:
876 1407 992 1468 accedit
1013 1408 1092 1488 qnod
1107 1409 1183 1468 hanc
1199 1426 1316 1478 vocem,
1339 1427 1415 1488 quae

253 1508 386 1568 solitaria
409 1514 454 1568 est
476 1525 573 1586 neque
602 1506 680 1585 apud
710 1507 800 1568 alium
830 1511 1008 1587 scriptorem
1036 1509 1137 1579 obvia,
1168 1509 1287 1570 aliunde
1316 1510 1414 1572 Clear-

251 1609 325 1670 chus
347 1615 449 1690 petere
477 1609 524 1667 vix
553 1614 668 1688 poterat
701 1625 789 1686 quam
818 1627 854 1669 cx
881 1608 990 1670 Rhiani
1013 1609 1278 1691 Aristophanisque
1309 1611 1414 1672 editio-

250 1711 339 1770 nibus
375 1709 502 1789 ideoque
539 1709 617 1770 hunc
654 1708 751 1770 locum
789 1711 852 1770 eius
889 1711 1004 1788 glossae
1047 1713 1159 1772 iontem
1197 1713 1325 1774 indicari
1362 1732 1414 1774 ne·

251 1829 333 1872 cesse
356 1817 430 1872 erat.

799 2184 861 2258 IV.

333 2370 394 2431 lam
417 2371 595 2450 disputaturi
618 2371 654 2428 de
678 2368 866 2430 subsidiis
889 2370 1087 2432 doctrinae
1111 2373 1338 2452 studiorumque
1361 2373 1413 2432 ad·

249 2470 603 2550 miniculis,quibus1n
626 2489 716 2549 opera
739 2473 842 2531 critica
868 2473 1034 2532 exercenda
1057 2473 1191 2534 Rhianus
1214 2493 1286 2534 usus
1308 2475 1348 2534 sit
1363 2483 1414 2534 aul

248 2579 330 2632 certe
353 2573 488 2632 videatur
511 2591 581 2632 usus
605 2590 684 2640 esse,
708 2581 771 2632 tant
773 2591 822 2633 um
838 2573 983 2634 abestt
950 2581 983 2634 ut
1012 2577 1087 2634 certi
1109 2577 1267 2654 quicquam
1298 2575 1412 2635 dehac

248 2693 281 2734 re
303 2675 445 2735 traditum
469 2671 740 2752 deprehendamus,
770 2683 802 2734 ut
830 2675 889 2735 sola
919 2677 1090 2736 coniectura
1113 2678 1243 2736 nitamur
1265 2684 1411 2756 oporteat.

249 2775 307 2836 Sed
330 2794 367 2836 ne
392 2777 564 2835 coniectura
587 2774 708 2852 quidem
732 2794 853 2856 sperare
882 2777 953 2837 licet
980 2794 1035 2836 nos
1057 2785 1118 2837 tam
1140 2775 1307 2856 probabilia
1331 2797 1412 2838 asse·

248 2883 369 2936 cuturos
392 2895 472 2946 esse,
496 2883 530 2936 ut
552 2876 627 2936 nihii
649 2877 780 2937 resideat
807 2878 1018 2947 dubitationis,
1048 2886 1136 2958 atque
1159 2879 1293 2939 eadem'
1285 2898 1317 2939 m
1339 2879 1412 2940 Rhi-

248 2996 344 3038 anum
363 2977 487 3047 cadunt,
521 2996 596 3058 quae
630 2978 666 3038 de
698 2979 897 3058 Aristophane
930 2979 1087 3058 Byzantio,
1123 2982 1208 3040 cuius
1241 2988 1340 3041 tamen
1375 3001 1412 3042 ex

247 3077 426 3139 lectionibus
448 3077 539 3139 multo
562 3081 706 3140 maiorem
729 3099 887 3140 numerum
911 3081 1086 3142 scholiastae
1109 3091 1310 3152 servaverunt,
1335 3083 1410 3160 Aug.

247 3179 397 3240 Nauckius
419 3181 508 3240 Arist.
533 3181 602 3259 Byz.
627 3198 656 3257 p.
679 3177 721 3240 20
744 3181 869 3242 dicilz‘
872 3185 1084 3262 conquerimur
1108 3183 1197 3252 illud,
1222 3183 1300 3260 quod
1325 3184 1411 3244 sobo·

246 3283 381 3343 liastae
372 3301 404 3342 in
427 3281 516 3342 nudis
538 3281 718 3342 lectionibus
747 3282 947 3343 memorandis
974 3283 1070 3343 solent
1098 3287 1305 3364 acquiescere,
1338 3287 1410 3344 rati-

244 3383 351 3444 onibus
373 3390 424 3444 aut
446 3384 564 3442 omissis
586 3391 637 3443 aut
658 3383 784 3442 licenter
813 3383 929 3444 elbctis
974 3383 1113 3454 Quamvis
1142 3387 1235 3462 igitur
1263 3365 1411 3464 plurimae

244 3484 332 3546 nobis
359 3487 496 3562 cognitae
524 3486 584 3544 sint
611 3483 844 3562 Aristophaneae
873 3484 1014 3545 editionis
1041 3485 1198 3554 lectiones,
1229 3505 1281 3546 eae
1310 3494 1410 3548 tamen

245 3594 345 3648 utrum
369 3588 558 3646 coniecturae
581 3587 641 3644 sint
669 3604 706 3644 111
729 3586 926 3646 vetustiorum
949 3585 1162 3665 exemplarium
1185 3587 1242 3647 fide
1265 3589 1409 3657 nituntur,

245 3689 396 3768 proditum
418 3688 482 3755 lere
505 3704 650 3765 nusquam
678 3686 819 3764 legimus,
848 3688 999 3748 interdum
1028 3687 1188 3748 divinando
1211 3691 1410 3769 assequimur,

312 3853 355 3918 20)
375 3850 416 3905 De
434 3850 487 3904 hoc
506 3849 670 3905 clearcho
688 3849 751 3904 vide
769 3850 858 3908 Maur.
876 3850 1060 3906 Schmidtium
1077 3853 1115 3907 ad
1136 3854 1255 3922 Hesyoh.
1274 3871 1293 3906 1.
1313 3871 1338 3907 v.
1360 3856 1411 3922 μή·

244 3953 304 4004 τρα.
324 3937 382 3989 *καί
408 3937 553 4001 όκλῆροε.
576 3935 633 3989 ὑπὸ
656 3936 778 3991 (όλεων.
803 3937 843 3991 ωε
868 3936 1410 4004 Κλείταρχος.811111ο11111111111-

243 4017 521 4074 11111110111111111
537 4018 640 4088 linguis
659 4019 836 4089 desumptum
858 4022 953 4090 putes,
977 4021 1031 4074 nisi
1053 4037 1104 4091 pro
1124 4022 1290 4090 Κλείταρχος
1313 4021 1411 4076 rescri

243 4103 367 4157 bendum
386 4103 440 4157 erit
453 4104 603 4171 Κλέαρχος,
623 4120 707 4172 quem
726 4104 797 4159 Solis
809 4106 879 4160 urbe
898 4104 981 4174 Cypri
993 4105 1139 4160 oriundum
1157 4106 1239 4161 fuisso
1259 4107 1287 4160 eb
1304 4106 1411 4174 glosse-

243 4195 321 4242 mata
339 4187 534 4282 conscripsisse
553 4204 587 4242 ex
604 4188 747 4244 Athenaeo
767 4189 832 4243 VIII
850 4207 877 4258 p.
896 4196 958 4256 ale,
976 4189 1014 4244 XI
1031 4209 1066 4261 p.
1062 4197 1126 4246 186
1145 4193 1174 4245 11
1197 4191 1286 4246 Schol.
1310 4190 1410 4246 Veneb.

244 4271 526 4340 recognovimus.
561 4271 1361 4345 (11111111111.βροῡχοεο1ρ.111,11.11111
