3124 4682
703 266 782 326 -ll

186 459 296 524 luisse,
326 458 386 516 nisi
410 457 490 516 iuter
520 461 677 535 utrumque
707 455 857 518 hominem
881 458 1001 536 propior
1024 457 1168 536 quaedam
1193 461 1267 521 vitae
1291 469 1352 522 stu-

187 559 366 637 diorumque
391 559 520 617 societas
542 558 655 617 luisset.
686 559 721 617 At
744 576 814 618 vero
836 558 960 618 haecine
984 559 1081 618 omnia
1104 577 1139 616 ex
1163 567 1354 634 (11101111511155

186 659 288 720 uerbis
311 659 551 738 consequuntur?
574 658 677 718 Nonne
700 659 802 718 eodem
826 661 907 729 iure,
931 679 989 738 quo
1005 659 1170 719 lleinehius
1192 656 1354 718 amicitiam

187 767 319 822 statuere
350 759 406 819 sibi
434 762 515 819 visus
550 768 608 828 est,
644 760 827 820 inimicitiam
857 767 886 820 et
915 760 1077 820 simultates
1105 759 1247 838 quasdam
1274 757 1353 814 inter

186 870 348 940 utrumque
370 861 574 921 intercessisse
597 861 765 922 existimare
788 862 875 922 licet?
904 861 998 932 Quid‘l
1026 863 1050 921 si
1073 862 1152 922 idern
1176 857 1353 920 concludere

185 963 311 1024 velimus
335 982 369 1022 ex
394 981 444 1032 eo,
475 963 553 1042 quod
577 961 681 1022 Suidas
704 963 734 1022 in
764 965 820 1024 vita
843 964 991 1042 Apollonii
1020 964 1106 1023 etiam
1136 962 1214 1022 hunc
1236 969 1354 1040 poetam

187 1063 370 1141 (ύγχρονον
403 1061 649 1140 Ἐρατοεθένου(
682 1062 734 1126 καὶ
766 1061 975 1142 Εὐφορίωνος
1009 1066 1099 1125 luisse
1134 1063 1250 1146 scribit,
1286 1079 1354 1122 curn

188 1175 287 1227 lamen
311 1164 485 1246 Euphorion
509 1164 725 1235 Chalcidensis,
754 1167 804 1246 qui
832 1175 988 1246 postquam
1012 1165 1151 1227 Chalcide
1179 1172 1209 1226 et
1232 1164 1355 1226 Athenis

187 1273 387 1328 commoratus
410 1273 468 1336 est,
493 1266 627 1327 ultimum
650 1267 752 1326 aetatis
780 1274 896 1346 tempus
919 1267 1091 1328 Antiochiae
1115 1267 1274 1344 transegit,
1298 1283 1354 1324 nec

187 1369 285 1430 Rhodi
308 1387 363 1429 nec
379 1368 572 1430 Alexandriae
595 1386 723 1447 unquam
749 1370 880 1430 vixerit?
911 1369 1081 1430 Cavendum
1104 1376 1207 1430 estne
1230 1368 1354 1428 nimium

187 1487 366 1551 quaeramus
388 1472 417 1530 in
441 1489 474 1530 ea
504 1471 667 1539 locutione,
698 1488 773 1550 quae
795 1473 1036 1551 frequentissima
1065 1479 1123 1542 est,
1152 1471 1205 1532 ubi
1228 1467 1354 1528 hominis

187 1574 313 1635 alieuius
341 1579 422 1632 aetas
444 1571 632 1648 designatur,
662 1572 824 1651 eademque
852 1574 879 1631 vi
909 1580 938 1632 et
960 1580 1106 1652 potestate
1135 1572 1246 1632 similes
1269 1588 1355 1630 voces

187 1672 374 1754 ἰεόχρονοε,
397 1672 585 1753 (υνήκμαεε,
609 1671 801 1747 colentum
824 1673 888 1750 (etr.
906 1675 987 1734 Arati
1004 1675 1060 1734 vila
1076 1675 1088 1734 l
1103 1693 1132 1753 p.
1150 1679 1178 1744 3,
1194 1673 1221 1733 ll
1236 1693 1264 1752 p.
1280 1668 1353 1750 442)

188 1777 307 1856 saepius
330 1779 522 1854 usurpantur.
569 1775 609 1834 Ac
631 1777 655 1834 si
678 1776 863 1854 quaerimuS,
894 1794 1019 1856 quanam
1048 1795 1080 1836 re
1104 1776 1210 1836 Suidas
1232 1775 1278 1834 vel
1300 1793 1353 1854 po-

189 1881 249 1938 tius
272 1877 452 1956 Hermippus
474 1884 640 1936 commotus
664 1879 716 1945 sit,
748 1885 780 1936 ut
802 1877 1006 1938 Eratosthenis
1029 1878 1222 1939 cummaxime
1246 1895 1379 1960 aequa-⁸

189 1981 246 2040 lem
274 1979 421 2039 Rhianum
454 1979 634 2049 nominaret,
669 1985 792 2058 apparet
827 1997 895 2038 eum
927 1980 1037 2042 nullam
1070 1980 1148 2040 illius
1181 1980 1256 2038 vitae
1290 1995 1354 2038 rem

189 2079 413 2141 memorabilem
449 2079 485 2138 ad
520 2081 593 2139 certi
627 2083 697 2140 amri
729 2099 887 2140 numerum
920 2099 1061 2140 revocare
1090 2081 1231 2160 potuisse.
1277 2078 1360 2148 Qua:

187 2189 314 2262 propter
343 2182 466 2242 alterum
496 2183 608 2250 virum,
640 2182 689 2258 qui
719 2201 776 2260 qua
806 2188 899 2242 aetate
930 2182 1049 2242 vixisset
1070 2182 1257 2242 notissimum
1280 2187 1353 2249 erat,

188 2283 319 2344 debebat
341 2301 500 2362 quaerere,
525 2289 558 2343 ut
580 2282 667 2343 huius
689 2283 841 2362 aequalem
865 2283 948 2344 illum
971 2290 1167 2363 nuncuparet.
1202 2283 1354 2343 Gramma·

188 2387 265 2446 licus
288 2392 384 2445 autem
408 2403 475 2445 cum
499 2385 631 2446 Rhianus
661 2392 752 2454 esset,
787 2404 884 2446 nonne
919 2391 1023 2464 sponte
1051 2387 1090 2444 ita
1125 2404 1174 2445 res
1207 2383 1287 2454 tulit,
1321 2390 1355 2444 ut

189 2489 369 2567 Hermippus
392 2487 428 2546 ad
451 2488 514 2548 eius
538 2494 663 2546 aetatem
686 2486 879 2547 definiendam
904 2487 1028 2547 alterum
1058 2506 1185 2567 eumque
1207 2485 1354 2546 nobilissi-

188 2608 270 2650 mum
294 2589 417 2666 eligeret
439 2589 682 2666 grammaticum?
705 2588 770 2648 Non
788 2588 859 2648 mihi
882 2591 909 2648 in
927 2590 1023 2650 animo
1039 2597 1084 2650 est
1099 2606 1209 2666 negare
1223 2587 1354 2667 potuisse

187 2691 269 2760 fieri,
300 2697 331 2750 ut
359 2689 492 2750 Rhianus
521 2697 551 2750 et
573 2689 785 2752 Eratosthenes
812 2692 938 2751 amicitia
968 2697 998 2750 et
1025 2691 1191 2750 studiorum
1214 2689 1354 2750 societate

188 2793 429 2860 continerentur,
454 2791 505 2851 sed
529 2793 600 2852 illud
625 2794 750 2853 maxime
775 2793 887 2852 adverti
912 2792 996 2853 velim
1020 2794 1221 2853 coniecturam
1245 2810 1260 2850 a
1283 2789 1354 2852 Mei·

190 2895 281 2954 nehio
301 2896 484 2974 propositam
508 2913 567 2954 non
590 2913 654 2954 esse
685 2897 723 2954 ita
748 2903 960 2973 comparatam,
992 2901 1025 2956 ut
1052 2893 1150 2955 nullus
1178 2893 1355 2953 dubitationi

188 2995 272 3056 locus
295 2993 486 3072 relinquatur.
559 3015 562 3022 ·
966 3073 970 3082 ἡ

275 3097 430 3157 Maximam
465 3097 535 3156 vero
566 3095 805 3176 probabilitatem
840 3096 929 3157 habet
957 3096 1088 3157 eiusdem
1117 3095 1256 3156 Meinelrii
1284 3115 1354 3156 cou-
1452 3177 1459 3183 q

189 3201 303 3259 iectura
327 3197 434 3267 altera,
459 3199 575 3276 degisse
597 3198 744 3258 Rhianum
768 3197 947 3278 aliquamdiu
964 3197 1166 3266 Alexandriae,
1191 3215 1267 3273 quae
1290 3197 1354 3276 qui-

189 3301 259 3360 dem
285 3318 352 3360 cum
375 3318 409 3360 ea
433 3300 469 3360 de
492 3319 548 3380 qua
578 3300 666 3360 modo
689 3300 817 3359 diximus
846 3307 905 3358 tam
939 3306 1002 3358 arte
1030 3299 1185 3368 cohaeret,
1221 3306 1253 3358 ut
1281 3297 1356 3359 haec

190 3402 255 3462 siue
277 3399 327 3461 illa
350 3409 428 3462 stare
453 3420 511 3462 non
535 3403 638 3480 possit.
685 3401 803 3461 Scilicet
833 3401 998 3480 siquando
1027 3419 1081 3480 pro
1112 3420 1181 3461 vero
1204 3401 1354 3468 habueris,

190 3503 273 3564 illum
301 3504 427 3563 amicum
456 3504 547 3562 luisse
576 3502 794 3571 Eratosthenis
830 3505 928 3563 lacere
957 3504 1001 3562 vix
1030 3503 1158 3581 poteris,
1188 3504 1258 3582 quin
1288 3521 1355 3562 eum

190 3605 383 3665 Alexandriae
408 3611 620 3665 commoratum
650 3623 715 3664 esse
739 3622 875 3674 censeaS,
906 3605 1043 3683 quoniam
1068 3603 1279 3664 Eratosthenes
1301 3604 1355 3682 Cp·

190 3697 272 3766 renis
296 3705 370 3764 urbe
388 3713 487 3774 natus,
515 3713 547 3765 ut
569 3706 675 3766 litteris
691 3706 838 3774 studeret,
862 3707 991 3785 primum
1007 3705 1223 3774 Alexandriam,
1248 3705 1355 3765 deinde

188 3805 319 3868 Athenas
334 3825 366 3866 se
382 3806 521 3874 contulit,
546 3806 624 3867 unde
647 3824 662 3864 a
679 3807 847 3867 Ptolemaeo
862 3807 1010 3884 Euergeta
1026 3813 1164 3868 evocatus
1179 3813 1355 3886 perpetuum

190 3909 384 3970 Alexandriae
409 3909 591 3968 domicilium
608 3907 770 3968 collocavit.
796 3909 856 3968 lam
872 3910 949 3969 hauc
965 3909 1084 3988 quidem
1108 3909 1145 3968 ob
1162 3926 1280 3968 causam
1296 3926 1355 3967 non
1441 3915 1445 3924 '

188 4013 237 4078 lit,
264 4017 295 4069 ut
317 4011 527 4078 assentiamur,
553 4020 581 4069 at
597 4011 767 4069 coniectura
791 4011 839 4070 illa
856 4010 919 4070 aliis
941 4018 1060 4090 tamque
1083 4011 1177 4070 firmis
1199 4027 1356 4086 argumen-

189 4115 228 4174 tis
259 4113 497 4181 commendatur,
533 4120 566 4172 ut
595 4112 630 4172 ad
660 4131 762 4172 verum
790 4133 878 4192 quam
909 4113 1041 4191 proxime
1070 4112 1202 4171 accedat.
1214 4109 1237 4182 9)
1281 4109 1356 4168 Nam

230 4307 236 4312 Ι
260 4231 286 4295 9)
306 4225 431 4280 Eandem
450 4226 617 4281 sententiam
635 4226 753 4297 protulit
770 4225 856 4282 etiam
879 4225 1012 4280 Rudolfue
1028 4223 1211 4278 Merkelius
1227 4221 1356 4292 prolegg.
