3112 4684
792 263 942 362 *ae—

284 454 336 533 (sc.
359 453 452 531 λέων)
476 451 591 530 κρείων
614 448 765 528 ἐρατίζων
788 449 882 529 ἰθύει,
907 450 984 514 ἀλλ’
1012 451 1051 515 οὔ
1081 472 1110 515 τι
1132 451 1261 529 πρήεεει
1289 459 1320 512 et
1343 449 1462 514 (357

283 553 421 632 ἔπρηξα(
442 553 495 616 καὶ
516 551 641 632 ἔπειτα,
666 555 786 632 βοῶπις
808 551 924 614 πότνια
946 552 1045 633 Ἥρη,
1068 553 1176 633 quibus
1198 555 1322 630 insuper
1338 552 1462 614 addere

283 663 399 734 poterat
421 654 446 717 Α
466 650 530 716 562
551 655 667 730 πρῆξαι
689 651 722 714 δ’
750 651 851 730 ἔμπηε
874 651 964 715 οὔτι
988 653 1154 731 δυνήεεαι,
1184 651 1210 715 Ω
1231 650 1296 715 550
1324 650 1364 716 οὐ
1388 653 1461 731 γάρ

283 776 312 819 τι
334 755 478 837 πρήξειε,
502 753 535 835 [β
560 751 619 815 191
642 756 757 831 πρῆξαι
780 753 812 815 δ’
839 751 940 831 ἔμπηε
962 751 1001 816 οὔ
1024 774 1053 817 τι
1073 753 1271 834 δυνήεεται],
1294 752 1371 830 γ60
1395 754 1464 832 δὸς

284 856 318 919 δ’
341 855 386 920 ἔτι
408 855 596 934 Τηλέμαχον
619 856 669 918 καὶ
691 853 746 932 ἐμὲ
768 853 932 931 πρήξαντα
953 854 1076 918 νέεεθαι
1098 859 1117 916 i.
1135 877 1162 916 e.
1186 876 1218 916 re
1242 857 1376 916 coniecta
1404 875 1461 916 re·

284 959 364 1027 dire,
389 977 411 1020 π
426 954 467 1018 88
490 958 605 1034 πρῆξαι
628 956 661 1019 δ’
684 953 845 1032 ἀργαλέον
868 974 898 1018 τι
919 957 997 1032 μετὰ
1018 957 1203 1021 πλεόνεεειν
1227 955 1324 1019 ἐόντα
1346 954 1462 1033 ἄνδρα

283 1058 334 1123 καὶ
354 1056 497 1140 ἴφθιμον,
519 1079 537 1120 τ
558 1056 622 1119 324
644 1056 721 1120 οὐδέ
744 1077 773 1118 τι
795 1055 893 1133 ἔργον
916 1056 1028 1121 ἐνθάδ’
1050 1057 1097 1122 ἔτι
1118 1059 1271 1138 πρήξει,ξ
1296 1055 1354 1118 197
1379 1056 1463 1121 οὔτι

283 1159 483 1238 διαπρήξαιμι
505 1159 610 1233 λέγων
633 1157 692 1236 ἐμὰ
715 1157 811 1234 κήδεα
834 1160 936 1234 θυμοῦ
959 1161 977 1218 i.
1003 1180 1028 1220 e.
1059 1165 1128 1220 ‘non
1158 1160 1194 1220 ad
1223 1161 1311 1220 tinem
1340 1161 1461 1236 perdu-

284 1281 347 1323 cam
371 1260 514 1322 maiorum
538 1278 672 1322 meorum
697 1261 921 1320 narrationem?
967 1261 1008 1320 οο
1037 1262 1092 1322 hac
1123 1263 1213 1339 igitur
1236 1263 1461 1338 significatione

283 1363 510 1442 haudquaquam
548 1369 646 1438 potest
682 1360 821 1422 dubitari.
872 1361 966 1420 Porro
1005 1363 1228 1422 concedendum
1260 1370 1320 1432 est,
1357 1363 1461 1424 verbo

283 1462 432 1540 πρήεεειν
455 1466 485 1524 in
509 1463 585 1524 hanc
608 1463 785 1523 seutentiam
802 1471 925 1538 accepto
948 1464 1101 1524 commode
1120 1464 1262 1542 explicari
1285 1483 1343 1524 non
1359 1465 1460 1552 modq

250 1561 253 1566 '
284 1583 336 1625 eos
366 1581 442 1644 quos
473 1565 669 1625 Buttmannus
692 1563 789 1624 attulit
812 1581 915 1624 versus
938 1561 966 1624 Ξ
988 1561 1051 1626 282
1074 1562 1175 1644 ῥίμφα
1198 1565 1376 1642 πρήεεοντε
1401 1565 1461 1628 κε’-

284 1665 402 1728 λενθον
426 1673 455 1726 et
478 1669 495 1744 β
518 1661 580 1726 213
603 1663 636 1727 οἵ
657 1662 692 1726 κέ
715 1682 768 1742 μοι
790 1662 868 1726 ἔνθα
890 1664 942 1726 καὶ
964 1663 1043 1727 ἔνθα
1058 1665 1269 1742 διαπρήεεωει
1284 1665 1461 1749 κέλευθον,

284 1769 500 1828 verumetiam
526 1769 542 1844 β
564 1762 627 1826 429
648 1765 668 1840 ἡ
691 1765 725 1827 δ>
754 1765 826 1838 (scii.
851 1768 937 1845 νηῡε)
967 1764 1056 1830 ἔθεεν
1084 1765 1164 1829 κατὰ
1191 1770 1271 1843 κῦμα
1299 1765 1461 1844 διαπρήε-

285 1886 381 1931 ccccc
402 1865 571 1947 κέλευθον,
594 1867 695 1946 hymn.
720 1867 810 1926 Mero.
833 1863 897 1927 200
925 1865 955 1930 εἴ
976 1887 1040 1930 που
1063 1866 1199 1931 ὄπωπα(
1222 1865 1322 1952 ἀνέρα
1343 1865 1463 1932 παῑεδ’

285 1967 337 2030 ἐπὶ
360 1968 448 2047 βουεὶ
462 1960 703 2045 Ιδιαπρήεεοντα
718 1967 887 2048 κέλευθον,
910 1967 1013 2030 uem
1039 1965 1139 2046 ὑψός’
1161 1967 1325 2046 ἀειρέεθην
1348 1966 1463 2050 ῥίμφα

283 2069 458 2147 πρήεεοντε
486 2069 655 2149 κέλευθον,
684 2087 703 2132 ν
727 2066 767 2130 83
795 2066 896 2145 ὑψόε’
933 2067 1113 2146 ἀειρόμενοι
1149 2068 1249 2148 ῥίμφα
1276 2070 1461 2148 πρῆεεουει

284 2171 455 2246 κέλευθον,
478 2171 578 2250 hymn.
603 2171 697 2248 Apoll.
721 2167 782 2230 421
811 2167 831 2246 ἡ
861 2169 896 2232 δὲ
928 2170 999 2246 (scii.
1023 2173 1110 2250 νηῦε)
1139 2171 1319 2248 πρήεεουεα
1341 2171 1461 2236 κέλευ-

284 2277 359 2354 θον,
382 2274 481 2353 hymn.
508 2273 578 2332 Ven.
594 2268 634 2332 67
658 2275 744 2334 θοῶε
766 2269 947 2348 πρήειουεα
968 2271 1138 2346 κέλευθον,
1164 2273 1263 2352 hymn.
1279 2273 1369 2334 Mero.
1387 2271 1461 2338 203

283 2375 401 2437 πολλοὶ
422 2374 483 2450 γὰρ
506 2371 586 2436 ὁδὸν
609 2372 799 2449 πρήεεονειν
823 2370 942 2454 ὁδῖται,
965 2370 991 2434 Ω
1012 2370 1077 2436 264
1099 2383 1128 2434 et
1151 2392 1169 2436 ο
1191 2371 1254 2436 219
1275 2373 1330 2438 ἵνα
1352 2375 1459 2453 πρήε-

284 2494 387 2552 εωμεν
410 2473 504 2537 ὁδοῖο
512 2521 521 2556 ,
535 2461 564 2546 ’γ
586 2471 648 2534 476
669 2471 723 2536 ἵνα
746 2473 915 2555 πρήεεῃειν
943 2472 1056 2552 ὁδοῖο,
1086 2494 1105 2536 o
1127 2473 1168 2536 47
1192 2473 1282 2554 ὄφρα
1303 2476 1459 2553 πρῆεεω-

283 2595 340 2652 μεν
363 2574 471 2652 ὁδοῑο,
496 2593 583 2654 quem
607 2577 774 2653 genetivum
799 2584 922 2654 propter
944 2577 1021 2637 hanc
1043 2578 1139 2658 ipsam
1156 2577 1238 2638 verbi
1255 2579 1312 2636 vim
1336 2597 1371 2639 ac
1394 2596 1456 2657 po-

284 2686 421 2739 testatem
443 2695 497 2755 pro
519 2678 657 2754 partitiva
680 2676 847 2738 habendum
872 2695 937 2738 esse
959 2685 1056 2737 statuo
1080 2697 1147 2738 cum
1163 2677 1340 2739 Boederlino
1356 2679 1457 2757 gloss,

282 2781 309 2840 li
332 2799 360 2857 p.
385 2776 445 2840 133
468 2788 498 2840 et
520 2778 751 2856 Naegelsbachio
774 2780 875 2840 adnot.
899 2779 934 2840 ad
957 2779 1079 2839 iliadem
1108 2779 1127 2841 Γ
1152 2777 1191 2840 15
1214 2779 1253 2856 (p.
1276 2777 1366 2860 340),
1397 2782 1460 2844 uhi
1546 2841 1547 2844 ,

285 2881 506 2942 Autenriethius
533 2880 620 2940 simul
644 2880 782 2941 indicavit
811 2899 862 2940 eos
884 2880 1020 2940 homines
1043 2880 1160 2950 doctoS,
1189 2883 1239 2960 qui
1267 2881 1353 2942 aliter
1382 2903 1459 2945 sen·

284 2985 370 3043 ciunt.
393 2982 473 3044 Haec
496 2989 594 3042 autem
616 2983 685 3060 quid
711 2982 807 3042 volent
835 2981 871 3042 ad
900 2981 1080 3044 locutionem
1110 2979 1173 3044 ἅλα
1199 2981 1364 3060 πρήεεεινῗ
1404 2985 1460 3047 Illi

284 3085 364 3144 enim
386 3102 490 3144 versus
512 3084 622 3144 diversi
644 3091 714 3144 sunt
736 3092 766 3143 et
781 3082 876 3159 probe
899 3084 1073 3172 seiungendi
1098 3083 1135 3143 ah
1152 3101 1203 3152 eo,
1228 3083 1264 3144 de
1288 3103 1345 3164 quo
1368 3105 1458 3149 nunc

285 3187 409 3264 agimus.
454 3185 513 3246 lllis
536 3186 656 3265 quidem
678 3187 708 3246 in
731 3183 867 3246 versibus
897 3183 1029 3244 averbu
1056 3183 1205 3262 πρήεεειν
1235 3187 1366 3264 pendent
1395 3209 1458 3248 no-

284 3289 361 3348 mina
384 3287 534 3350 κέλευθα(
557 3294 586 3348 et
608 3284 701 3366 ὁὸόε,
724 3304 799 3366 quae
815 3304 875 3346 non
896 3293 1011 3348 tantum
1033 3287 1104 3356 iter,
1129 3286 1180 3347 sed
1197 3289 1285 3348 etiam
1300 3291 1457 3353 actionem

284 3391 344 3449 sive
378 3388 467 3449 eundi
495 3390 556 3448 sive
586 3388 741 3465 navigandi
773 3387 918 3456 indicant,
952 3406 1008 3448 nec
1042 3387 1192 3448 dissimilis
1225 3398 1270 3448 est
1302 3409 1327 3449 v.
1353 3388 1459 3454 1326

282 3489 411 3569 ἤματα
445 3487 478 3550 δ’
506 3486 696 3566 αἱματόεντα
724 3486 912 3564 διέπρηεεον
944 3488 1142 3574 πολεμίζωνῑ
1180 3489 1238 3550 tale
1266 3491 1345 3552 enirn
1377 3493 1457 3566 iter,
1544 3535 1545 3538 ,

285 3592 349 3652 talis
373 3592 462 3660 actio,
497 3590 555 3651 tale
577 3591 720 3667 temporis
743 3591 869 3667 spatium
902 3593 1006 3668 perfici
1039 3593 1098 3652 sive
1132 3591 1167 3650 ad
1201 3593 1289 3652 finem
1321 3593 1459 3670 perduci

283 3701 393 3772 potest,
417 3700 447 3753 at
469 3688 531 3753 ἅλα
553 3689 702 3768 πρήεεειν
724 3693 744 3750 i.
769 3710 793 3751 e.
817 3709 902 3752 mare
924 3696 1074 3768 perficere
1107 3694 1174 3772 quis
1202 3705 1247 3754 est
1279 3695 1330 3773 qui
1358 3695 1457 3757 intei-
1543 3735 1544 3786 p

283 3795 380 3873 legat?
403 3793 507 3854 Nonne
530 3792 585 3852 hoc
608 3810 702 3872 aeque
725 3793 885 3854 absurdum
909 3803 953 3853 est
976 3803 1063 3872 atque
1087 3795 1149 3872 ipse
1174 3794 1371 3856 Buttmannus
1395 3797 1457 3857 ab·

283 3896 405 3958 surdum
429 3913 493 3955 esse
516 3894 604 3965 dixit,
628 3897 654 3956 si
676 3897 744 3975 quis
766 3893 853 3956 veliet
874 3896 1084 3973 interpretari:
1107 3895 1208 3974 ‘atque
1229 3897 1289 3956 iam
1311 3895 1359 3956 his
1381 3905 1457 3958 tan·
1543 3947 1544 3978 ,

283 4007 360 4067 tum,
383 4013 469 4058 mare
486 3995 654 4070 facientes,
679 3996 865 4058 aberamus'?
888 3996 949 4056 Vna
972 3998 1122 4056 succurrit
1145 3999 1363 4072 interpretatio,
1389 4018 1457 4079 qua
1542 4001 1543 4018 ³

283 4103 308 4160 si
336 4101 405 4180 quis
433 4097 517 4160 verbi
545 4115 632 4158 causa
653 4097 954 4168 Pontumlduxiuum
984 4096 1182 4174 ‘perfecisse'
1213 4096 1346 4168 dicatur,
1379 4119 1458 4165 eum

282 4202 339 4262 hoc
360 4201 470 4260 fretum
491 4199 645 4278 reliquisse
669 4201 751 4260 etin
774 4198 985 4276 Propontidem
1008 4198 1054 4258 vel
1076 4201 1166 4258 etiam
1188 4217 1270 4258 mare
1293 4201 1459 4278 Aegaeum
