3124 4682
757 289 908 386 —ce—

251 473 379 545 ἔπεεεν,
409 472 480 538 εἶτα
506 475 610 554 ἀφῆκε
638 475 676 538 τὸ
704 476 873 554 πηδάλιον.
900 475 1053 546 BHPQ.
1099 458 1195 537 Huius
1224 481 1417 538 coniecturae

250 577 359 657 duplex
387 580 513 656 cogitari
542 586 640 657 potest
667 597 765 640 causa.
811 581 852 639 Ac
884 582 1014 658 primum
1044 577 1166 657 quidem
1195 575 1307 657 αὐτόε,
1336 580 1417 658 quod

250 682 313 754 ipse
347 681 508 758 significat,
543 680 619 740 male
657 679 755 740 allecit
787 680 895 740 Rhiani
928 680 1087 749 iudicium,
1123 681 1192 757 quia
1226 679 1418 740 desiderabat

249 781 328 858 quod
356 783 384 840 ei
418 790 484 859 apte
513 789 731 860 opponeretur;
765 789 795 841 at
823 784 976 860 aptissima
1005 787 1051 841 est
1078 788 1108 839 et
1135 780 1256 841 Homeri
1287 783 1416 840 maxime

228 883 371 960 ,propria
393 883 469 942 ratio
492 900 542 951 ea,
571 867 733 961 quainter
761 901 793 942 se
816 890 1009 962 opponuntur
1040 880 1137 943 αὐτὸ(
1164 880 1240 944 πέεε
1268 889 1298 940 et
1319 879 1417 958 μέεον

248 981 284 1046 δέ
317 980 348 1045 οἱ
377 980 464 1046 ἱετόν
497 980 569 1049 ἔαξε
600 981 734 1065 θύελλα,
766 992 799 1044 ut
821 983 992 1045 Nitzscbius
1014 983 1040 1043 ll
1073 967 1102 1062 p.
1126 979 1167 1042 49
1200 985 1415 1044 sententiarum

248 1103 364 1144 conexu
391 1093 474 1145 recte
502 1093 668 1164 perspecto.
691 1085 849 1156 indicavit;
883 1104 939 1146 nec
972 1103 1043 1144 vero
1071 1086 1230 1163 quicquam
1259 1085 1417 1162 prolicitur

248 1185 358 1247 Rhiani
381 1186 522 1256 medella,
546 1189 687 1265 quoniam
711 1183 811 1249 αὐτόν
840 1187 918 1266 apud
941 1186 1101 1246 Homerum
1124 1203 1183 1244 non
1206 1185 1285 1244 idem
1313 1193 1358 1244 est
1380 1205 1414 1245 ac

247 1286 316 1369 μίν,
339 1288 390 1348 sed
413 1287 590 1366 plerumque
613 1290 677 1364 r'pse
699 1287 785 1348 valet.
829 1287 928 1348 Altera
950 1306 1038 1349 causa
1067 1306 1103 1346 ex
1127 1285 1226 1346 verbis
1247 1288 1278 1345 in
1301 1287 1414 1346 scholio

247 1388 355 1449 additis
376 1389 576 1465 cognoscitur.
621 1387 720 1448 Posito
749 1390 830 1449 enim
852 1386 950 1451 αὐτὸ(
979 1387 1054 1451 πέεε
1081 1389 1166 1468 prius
1188 1387 1287 1447 Vlixes
1309 1388 1413 1466 procul

247 1509 264 1549 a
287 1491 354 1550 navi
376 1491 408 1550 in
432 1507 514 1549 mare
537 1489 688 1558 incidere,
717 1501 779 1550 tum
806 1490 1041 1567 gubernaculum
1064 1509 1080 1548 e
1103 1488 1241 1550 manibus
1262 1489 1412 1549 dimittere

247 1592 372 1660 dicitur,
397 1609 464 1650 curn
486 1608 588 1650 rerum
611 1591 684 1650 ordo
707 1591 852 1672 postulet,
877 1598 908 1652 ut
923 1591 1046 1652 dimisso
1069 1591 1188 1650 demum
1210 1590 1414 1668 gubernaculo

247 1695 278 1752 in
301 1710 382 1752 mare
406 1691 541 1751 incidere
564 1699 714 1752 narretur.
759 1691 822 1762 Qua
845 1694 1045 1771 repugnantia
1068 1692 1198 1752 ollensus
1219 1691 1354 1752 Hhianus
1376 1693 1413 1753 ad

245 1795 448 1854 coniecturam
470 1792 620 1871 confugit,
644 1794 696 1853 sed
719 1813 808 1873 quarn
830 1796 861 1854 in
885 1793 985 1854 verbis
1014 1797 1110 1854 inesse
1134 1792 1312 1872 opinabatur
1333 1793 1410 1853 diiii·

244 1894 382 1954 cultatem
406 1894 635 1974 haudquaquam
658 1896 791 1965 sustulit,
815 1915 882 1956 cum
899 1897 1015 1956 etiamsi
1039 1897 1169 1956 audieris
1191 1893 1266 1970 τῆλε
1288 1893 1323 1956 δ’
1344 1891 1411 1956 ἀπὸ

245 1993 368 2073 (χεδίηε
390 1992 490 2057 αὐτὸν
513 1994 590 2074 βάλε
614 1995 661 2073 (τὸ
684 1996 791 2076 κῦμα),
815 1995 928 2056 Vlixem
950 1997 1055 2075 procul
1078 2015 1094 2056 a
1116 1998 1183 2056 navi
1205 1999 1236 2056 in
1260 2014 1341 2056 mare
1365 1999 1410 2056 iu·

238 2085 394 2158 'ridentem
416 2100 595 2175 cogitatione
618 2096 675 2158 tibi
697 2099 805 2175 fingas:
829 2117 897 2159 nam
913 2098 988 2174 τῆλε
1004 2117 1074 2158 voce
1097 2101 1128 2172 in
1143 2099 1293 2178 principio
1316 2115 1410 2157 enun-

245 2201 307 2260 tiati
329 2201 427 2278 posita
449 2200 593 2268 eflicitur,
617 2206 731 2260 utnon
755 2208 814 2260 tam
830 2200 915 2260 verbi
932 2199 1007 2278 βάλε
1023 2203 1169 2260 actionem
1192 2203 1296 2279 ipsam,
1321 2218 1409 2278 quam

238 2303 372 2360 actionis
393 2301 484 2360 tinem
506 2308 536 2359 et
558 2307 696 2360 eventum
720 2303 820 2360 animo
843 2303 1004 2380 concipias.
1050 2302 1108 2360 Sed
1131 2320 1168 2361 ne
1191 2321 1266 2382 opus
1287 2301 1409 2380 quidem

242 2412 288 2462 est
310 2401 369 2462 ulla
391 2401 615 2472 emendatione;
647 2404 716 2480 quis
741 2403 821 2461 enim
850 2412 894 2462 est
922 2404 993 2481 quin
1023 2410 1128 2482 sponte
1151 2403 1317 2479 intellegat,
1352 2402 1408 2462 hoc

241 2505 306 2564 loco
328 2504 375 2572 id,
404 2503 482 2582 quod
511 2502 638 2581 primurn
662 2511 692 2562 et
714 2521 901 2580 summopere
930 2505 1020 2564 leriat
1047 2505 1196 2565 audientis
1222 2506 1353 2564 animum
1378 2513 1409 2563 et

241 2607 272 2664 in
302 2622 360 2682 quo
388 2605 516 2663 maxime
546 2610 686 2663 cernatur
715 2607 858 2664 irruentis
886 2605 981 2666 undae
1012 2606 1213 2675 vehementia,
1243 2608 1406 2684 praemitti,

240 2713 355 2775 cetera,
384 2723 460 2784 quae
483 2704 572 2764 simul
601 2705 646 2764 vel
674 2707 764 2766 etiam
787 2715 872 2767 antea
900 2709 1070 2775 evenerint,
1099 2709 1265 2786 posteriora
1289 2711 1406 2768 narrari

241 2826 278 2866 ex
300 2805 513 2866 consuetudine
536 2806 587 2866 illa
610 2807 767 2886 loquendi,
791 2825 879 2888 quam
895 2805 1028 2884 ὕετερον
1051 2807 1211 2884 πρότερον
1234 2811 1295 2868 sive
1318 2827 1406 2885 πρω-

239 2906 392 2984 θύετερον
415 2909 601 2988 grammatici
617 2908 785 2987 appellant?
809 2910 899 2970 Cuius
913 2911 1025 2986 figurae
1048 2929 1118 2969 usus
1134 2929 1193 2970 non
1209 2911 1303 2970 solum
1327 2911 1405 2990 apud

240 3010 401 3070 Homerum
423 3010 566 3069 latissime
588 3017 683 3088 patet,
708 3011 760 3072 sed
783 3012 857 3072 adeo
879 3029 1003 3088 graecae
1026 3011 1145 3089 linguae
1168 3013 1327 3072 familiaris
1349 3021 1404 3081 est,

240 3120 273 3172 ut
294 3111 372 3192 apud
394 3129 499 3190 prosae
522 3129 639 3190 quoque
663 3114 809 3173 orationis
832 3114 994 3190 scriptores
1016 3115 1188 3192 saepissime
1219 3116 1403 3174 inveniatur:

238 3213 274 3273 de
302 3232 359 3292 qua
388 3231 421 3272 re
456 3211 595 3290 ablegare
624 3213 703 3273 iuvat
736 3213 869 3292 legentes
903 3215 939 3274 ad
968 3214 1097 3275 Classeni
1125 3217 1403 3276 commentationem

238 3315 488 3392 elegantissimam
516 3313 774 3375 observationibus
803 3315 839 3374 de
868 3315 1026 3376 Homerica
1055 3317 1221 3376 elocutione
1250 3319 1402 3386 insertam,

237 3435 295 3496 qua
323 3416 392 3476 inde
421 3435 436 3475 a
465 3435 494 3494 p.
515 3411 580 3475 200
616 3434 685 3476 eum
712 3435 799 3476 usum
828 3434 864 3476 ex
894 3417 1256 3486 Graecorumsentiendi
1284 3421 1402 3478 ratione

237 3520 391 3595 ingeniose
415 3516 540 3576 deduxit
562 3524 592 3575 et
613 3523 788 3595 persecutus
811 3525 866 3578 est.

186 3617 229 3683 32
323 3619 398 3678 Huic
432 3617 495 3677 loco
529 3615 709 3695 subiungere
742 3619 840 3697 placet
868 3616 990 3689 v274,
1024 3621 1075 3681 nbi
1109 3621 1242 3682 Rhianus
1276 3622 1401 3682 eandem

236 3721 360 3797 liguram
383 3719 500 3779 videtur
527 3738 632 3797 parurn
661 3723 864 3800 perspexisse:
897 3723 1030 3797 ridetur,
1065 3725 1200 3802 inquam;
1235 3743 1302 3784 narn
1332 3742 1400 3784 cum

239 3890 434 3900 ———-—-

235 3989 293 4054 tur,
312 3985 387 4052 quod
409 3985 446 4039 ad
463 3985 549 4040 telem
573 3986 731 4054 opinionem
753 4004 851 4042 ansam
872 3989 1016 4057 praebeat.
1052 3989 1106 4042 Cur
1124 3991 1217 4044 aulem
1234 3989 1303 4042 illud
1320 3989 1399 4046 scho-

234 4071 292 4125 lion
309 4070 346 4124 ad
363 4087 389 4123 v.
407 4076 456 4124 313
475 4070 681 4140 demigrarent,
699 4071 728 4126 in
744 4073 894 4141 propatulo
917 4075 973 4126 est:
998 4073 1129 4127 librarius
1152 4074 1226 4127 enim
1249 4075 1298 4127 aut
1315 4075 1400 4143 spacii

235 4155 371 4223 angustiis
390 4157 501 4209 coactus
519 4157 582 4210 erat
599 4155 648 4208 eut
667 4170 732 4209 voce
750 4162 824 4222 κῦμα
843 4157 975 4224 deceptus
994 4157 1118 4211 scholion
1140 4158 1176 4211 ad
1199 4158 1271 4212 hunc
1289 4174 1400 4212 versum

235 4238 375 4307 periinere
393 4239 463 4292 falso
481 4240 657 4308 opinabatur.
