3112 4684
738 284 888 382 *aa*

316 476 359 536 Ex
381 474 429 536 his
452 483 576 554 apparet
598 474 747 536 Rhianum
764 475 845 537 illius
860 482 1043 537 sectatorum
1066 478 1097 536 in
1112 495 1272 538 numerum
1286 479 1404 540 ascribi

231 595 289 638 non
312 595 416 655 possm
439 595 536 656 neque
559 578 680 638 omnino
702 579 891 654 grammatici
918 596 1043 638 munere
1066 580 1109 639 ita
1131 579 1252 640 iunctus
1275 588 1333 650 est,
1364 589 1405 642 ut

231 681 326 738 ceteri
347 678 557 756 Alexandrini,
587 677 641 757 qni
666 678 812 756 glossaria
834 679 995 742 Homerica
1017 689 1266 756 composnerunt,
1295 681 1404 744 Iliadis

232 786 262 840 et
284 779 433 858 Odysseae
465 780 582 840 dierum
604 783 860 860 computationem
887 783 1102 851 instituerunt,
1132 782 1169 842 de
1190 781 1315 846 Homeri
1336 787 1404 848 vita

232 889 261 942 et
283 883 396 958 patria,
420 881 457 942 de
480 881 662 961 geographia
684 885 750 943 eius
777 891 807 943 et
829 883 988 962 multiplici
1011 885 1137 944 scientia
1159 883 1403 962 disputaverunt,

232 983 268 1042 de
296 991 381 1044 recta
409 987 577 1046 carminum
610 986 858 1065 interpretatione
887 982 1099 1061 ὑπομνήματα
1121 992 1151 1046 et
1174 985 1405 1064 ευγγρὰμματα

232 1082 405 1154 ediderunt,
430 1085 559 1164 denique
582 1083 699 1146 scholas
721 1087 908 1157 habuerunt,
938 1085 1050 1167 quibus
1072 1085 1227 1153 doetrinae
1249 1089 1405 1148 rationem

232 1193 262 1246 et
285 1194 447 1265 praecepta
470 1185 627 1264 discipulis
648 1187 830 1258 traderent.¹
850 1187 909 1248 Sed
931 1188 1066 1250 Rhianus
1088 1191 1301 1266 grammaticae
1324 1193 1405 1252 artis

232 1306 299 1348 eam
321 1288 530 1350 tantummodo
552 1297 668 1366 partem
691 1292 841 1360 exercuit,
865 1308 941 1370 qnae
963 1292 995 1350 in
1010 1291 1119 1350 critico
1136 1291 1234 1352 ollicio
1250 1299 1403 1372 versatur,

232 1409 309 1471 quae
338 1393 369 1450 in
401 1391 499 1452 studia
528 1400 561 1452 nt
589 1390 793 1461 incumberet,
823 1410 860 1452 eo
886 1393 1078 1469 potissimum
1106 1391 1224 1454 videtur
1253 1393 1407 1456 adductus

234 1511 314 1562 esse,
339 1491 418 1572 quod
441 1509 563 1572 operam
586 1492 691 1562 dabat,
720 1501 752 1552 ut
775 1495 839 1572 ipse
862 1492 986 1554 Homeri
1008 1496 1118 1554 summi
1140 1502 1247 1571 poetae
1269 1494 1405 1573 dignita·

232 1603 295 1654 tem
317 1601 347 1654 et
368 1596 585 1672 praestantiam
607 1602 690 1656 recte
719 1597 891 1656 aestimaret
920 1603 950 1655 et
979 1598 1116 1674 poeticae
1144 1596 1324 1658 elocutionis
1345 1617 1405 1659 na·

233 1706 333 1757 turam
353 1702 386 1756 et
408 1695 490 1772 leges
513 1698 633 1775 penitus
655 1698 852 1775 perspiceret.
896 1695 934 1756 Et
957 1715 1025 1757 cum
1047 1697 1263 1774 Aristophanes
1285 1706 1315 1758 et
1330 1699 1405 1760 Ari·

234 1797 372 1860 starcbus
395 1815 463 1857 suas
484 1796 608 1858 Homeri
631 1797 779 1858 editiones
801 1798 932 1858 ‘scholae
962 1807 1050 1879 atque
1079 1807 1161 1860 extra
1191 1798 1323 1860 scholam
1345 1817 1411 1862 ne:

232 1902 317 1962 mini’
347 1907 487 1979 pararent
515 1897 551 1978 (v.
579 1899 739 1960 Lehrsium
765 1901 856 1961 Arist.
885 1917 914 1978 p.
939 1897 1028 1976 361),
1057 1897 1191 1960 Rhianus
1219 1903 1319 1979 potius
1348 1905 1406 1964 ‘in

233 2003 452 2080 elegantiorum
474 2001 629 2061 hominum
651 2003 752 2062 usum'
781 2000 940 2062 Homerica
969 2003 1103 2062 carmina
1130 2005 1319 2064 recensuisse
1341 2021 1406 2082 pu·

232 2103 341 2165 tandus
357 2111 412 2164 est.
442 2102 561 2162 Etenim
576 2104 608 2162 in
632 2103 737 2164 critico
760 2105 881 2180 negotio
903 2103 1090 2164 conficiendo
1112 2112 1259 2182 poetam
1281 2109 1407 2183 magis

233 2225 338 2286 quam
370 2206 659 2282 grammaticum
686 2223 718 2266 se
740 2206 910 2284 praestitit,
934 2213 964 2265 et
986 2209 1120 2284 quamvis
1147 2206 1227 2267 haud
1249 2225 1310 2266 nno
1332 2207 1407 2271 loco

234 2308 375 2368 eximiam
403 2307 516 2382 ingenii
545 2308 642 2367 aciem
659 2315 689 2368 et
704 2306 844 2368 subtilem
871 2306 1019 2385 quandam
1035 2307 1202 2370 doctrinam
1223 2309 1407 2386 comproba-

234 2411 325 2478 verit,
348 2409 444 2485 magis
466 2415 567 2469 tamen
591 2409 656 2468 eius
679 2408 785 2468 iudicii
808 2408 1002 2486 elegantiam,
1032 2410 1161 2470 vividum
1189 2411 1308 2489 pulchri
1330 2430 1407 2473 sen·

233 2531 309 2580 sum,
327 2511 457 2590 denique
473 2527 523 2570 eas
538 2511 665 2570 virtutes
681 2512 879 2587 agnoscimus,
892 2528 968 2591 quae
982 2518 1102 2587 poetam
1113 2531 1203 2592 quam
1214 2531 1288 2592 quae
1300 2530 1407 2590 gram-

237 2615 382 2676 maticum
410 2613 532 2671 iaciant.
578 2611 673 2691 Atque
701 2621 735 2672 ut
764 2614 859 2691 ipsius
892 2614 1024 2673 carmina
1053 2615 1228 2674 emendatae
1257 2615 1408 2678 dictionis

236 2712 322 2776 lande
345 2721 376 2774 et
405 2714 502 2774 nativa
532 2713 660 2792 quadam
688 2721 719 2773 et
741 2713 863 2776 amabili
885 2713 1076 2792 simplicitate
1105 2716 1268 2786 excellunt,
1300 2720 1408 2780 sicin

232 2817 358 2876 Homeri
380 2833 499 2894 quoque
522 2815 709 2876 carminibus
731 2816 925 2877 recensendis
953 2818 1083 2877 maxime
1110 2820 1256 2878 orationis
1283 2819 1407 2898 simpli·

233 2921 373 2984 citatem,
396 2919 658 2996 perspicuitatem,
682 2925 868 2980 venustatem
891 2921 932 2978 ita
948 2925 1079 2978 sectatus
1095 2927 1154 2989 est,
1178 2928 1212 2980 ut
1234 2919 1409 2998 sImplicis-

233 3023 339 3082 simam
362 3037 511 3100 quamque
528 3020 847 3080 structuram'ceteris
862 3028 1072 3099 anteponeret,
1095 3039 1145 3081 res
1160 3029 1295 3084 narratas
1309 3041 1406 3102 quam

234 3123 462 3185 accuratissime
493 3128 523 3180 et
546 3119 711 3182 clarissime
733 3119 834 3182 verbis
857 3123 984 3202 exprimi
1006 3140 1063 3183 nec
1090 3124 1250 3203 quicquam
1277 3126 1309 3184 in
1332 3143 1407 3188 ora-

231 3228 314 3286 tione
337 3227 437 3284 inesse
459 3221 560 3292 vellet,
590 3222 669 3302 quod
692 3231 744 3283 aut
771 3221 852 3300 leges
879 3225 1088 3301 grammaticas
1115 3243 1240 3286 usumve
1261 3225 1409 3290 Homeri-

233 3347 302 3388 cum
326 3325 450 3386 violaret
474 3333 525 3386 aut
548 3323 670 3386 obscuri
693 3325 765 3405 qnid
788 3333 818 3386 et
840 3323 975 3402 ambigui
1002 3324 1128 3388 haberet
1150 3334 1200 3388 aut
1222 3327 1410 3392 insolentiae

232 3436 263 3489 et
285 3427 446 3488 meditatae
478 3427 633 3487 doctrinae
656 3429 789 3507 speciem
816 3444 888 3506 prae
916 3445 948 3487 se
977 3428 1082 3488 ferret.
1127 3427 1214 3488 Velut
1241 3426 1321 3492 Ζ46
1345 3428 1407 3510 (6).

233 3527 262 3592 Υ
286 3525 346 3590 188
370 3523 420 3606 (9).
443 3530 461 3589 b
486 3524 525 3588 12
549 3525 619 3608 (14).
643 3530 659 3592 Z
684 3523 723 3588 10
746 3525 818 3607 (33).
841 3531 857 3593 ξ
878 3524 941 3588 343
959 3524 1019 3608 (42)
1043 3529 1207 3592 verborum
1229 3538 1408 3596 structurae

233 3716 432 3725 ..-.——-——-

232 3848 261 3900 p.
279 3835 326 3895 47,
346 3845 408 3882 cum
426 3828 514 3884 dicat:
534 3827 663 3884 ‘Videtur
680 3827 783 3883 Rhiani
801 3844 887 3898 opera
903 3829 997 3900 posita
1013 3828 1098 3883 fuisse
1116 3828 1260 3884 maxime
1277 3830 1307 3883 in
1324 3849 1405 3888 rese·

233 3913 327 3968 caudis
345 3913 472 3968 versibus
488 3913 535 3979 iis,
555 3912 603 3982 qui
620 3911 818 3982 supervacanei
837 3913 985 3981 (περιττοί)
1003 3912 1164 3968 viderentur
1182 3923 1263 3970 esse’
1299 3915 1405 3973 Eidem

230 4014 297 4053 vero
315 3997 467 4052 affirmanti
483 3996 585 4052 Rhiani
603 3998 743 4062 athetesee
755 3996 952 4052 audacissimos
971 3997 1096 4064 quidem,
1114 3998 1164 4052 sed
1175 3998 1404 4067 elegantissimas

231 4099 289 4138 esse
307 4081 423 4138 meliore
441 4083 501 4137 iure
513 4081 642 4138 assentiri
658 4081 731 4136 licet.
767 4080 897 4136 Ceterum
920 4081 1127 4150 Sengebueehio
1145 4083 1202 4137 iam
1219 4083 1260 4138 La
1277 4085 1403 4141 Rochius

229 4168 248 4222 l.
267 4167 284 4222 l.
303 4186 331 4236 p.
350 4173 384 4220 44
402 4167 547 4222 oblocutus
569 4167 623 4232 est,
650 4182 820 4234 quamquam
845 4167 869 4220 is
896 4166 1009 4234 quidem
1032 4167 1101 4222 duas
1123 4169 1233 4222 tantum
1256 4167 1403 4226 atbeteees

231 4251 475 4318 commemoravit,
493 4249 607 4304 tertiam
626 4268 643 4304 α
662 4255 710 4304 279
731 4253 767 4318 (3)
780 4249 887 4306 omisit.
