3112 4684
334 1151 490 1230 Congestis
519 1159 549 1212 et
576 1150 749 1229 singillatim
771 1153 965 1231 pertractatis
992 1151 1144 1211 Rhianeae
1172 1151 1315 1211 editionis
1342 1151 1422 1213 reli·

249 1257 328 1335 quiis
349 1261 444 1315 restat
466 1264 499 1315 ut
514 1272 589 1334 qnae
605 1253 675 1314 inde
691 1259 910 1330 cognoscantur
925 1251 961 1313 ad
984 1252 1147 1312 indolem
1171 1261 1206 1312 et
1228 1255 1422 1314 rationem

249 1357 343 1417 artis
366 1357 531 1417 criticae
554 1376 570 1416 a
592 1355 737 1419 libiano
758 1354 960 1416 iactitatae
982 1362 1065 1416 recte
1088 1353 1320 1425 diiudicandam
1344 1354 1421 1414 bre·

249 1461 324 1518 viter
347 1456 532 1536 complectar
554 1463 584 1516 et
605 1459 690 1536 quasi
712 1473 772 1517 uno
794 1459 826 1517 in
849 1465 1014 1536 conspectu
1036 1475 1153 1536 ponam.

333 1560 427 1638 Atque
450 1557 718 1619 Alexandrinorum
746 1557 866 1638 quidem
890 1560 1065 1620 criticorum
1093 1560 1124 1618 in
1147 1558 1267 1626 ordine,
1296 1566 1421 1638 tempo·

248 1679 316 1721 rum
338 1662 455 1721 ratione
484 1659 602 1728 habita,
631 1678 699 1721 eum
722 1660 839 1720 Rhiano
866 1659 965 1720 locum
993 1661 1222 1738 assignavimus,
1253 1655 1304 1739 ¹qni
1333 1663 1423 1722 inter

249 1759 437 1842 Apollonium
466 1761 615 1822 Rhodium
648 1770 694 1822 est
726 1770 756 1822 et
786 1761 1013 1842 Aristophanem
1042 1761 1234 1842 Byzantium,
1269 1761 1421 1843 illumque

248 1865 379 1942 primum
407 1871 475 1942 post
501 1862 700 1934 Zenodotnm,
734 1865 786 1944 qni
814 1865 944 1939 nemrot
971 1863 1039 1926 τῶν
1066 1859 1208 1940 Ὁμήρου
1236 1863 1421 1941 διορθωτήε

249 1966 377 2034 exstitit,
408 1964 510 2026 lliadis
533 1973 562 2026 et
584 1963 733 2044 Odysseae
762 1966 896 2025 carmina
924 1967 1078 2042 recognita
1107 1973 1136 2024 et
1164 1965 1320 2026 emendata
1348 1964 1420 2028 edi-

249 2067 329 2127 disse
352 2067 492 2128 diximus.
537 2065 600 2127 lam
622 2085 693 2128 cum
715 2065 886 2127 Zenodotus
914 2065 991 2143 apud
1015 2065 1152 2127 homines
1181 2067 1332 2136 eruditos,
1360 2072 1421 2147 qui

247 2177 311 2229 tum
333 2167 530 2230 Alexandriae
553 2177 654 2237 erant,
683 2169 862 2230 auctoritate
889 2167 1052 2248 plurimum
1080 2169 1223 2238 valuerit,
1251 2169 1340 2230 laeile
1362 2189 1420 2230 ex-

248 2272 430 2350 spectaveris
452 2271 601 2332 Rhianum
628 2278 679 2331 aut
701 2277 797 2330 totum
828 2288 859 2330 se
888 2270 1083 2349 applicavisse
1110 2271 1145 2332 ad
1174 2271 1320 2348 praeclari
1349 2291 1418 2333 ma-

248 2374 336 2450 gistri
358 2371 543 2452 exemplum,
567 2374 654 2432 utin
678 2371 769 2432 verba
793 2373 858 2432 eius
881 2374 995 2432 iuraret
1017 2379 1047 2432 et
1069 2390 1119 2441 ea,
1142 2371 1253 2452 quibus
1276 2371 1324 2432 ille
1348 2371 1419 2434 lau·

248 2473 316 2535 dem
339 2482 368 2535 et
391 2474 620 2534 admirationem
644 2480 824 2534 consecutus
853 2481 946 2542 esset,
976 2475 1065 2535 etiam
1093 2493 1236 2553 superare
1265 2473 1418 2545 studeret,

247 2583 299 2636 aut
321 2582 355 2636 ut
377 2593 463 2636 suam
485 2578 516 2636 in
539 2575 700 2636 iudicando
722 2574 892 2636 libertatem
915 2581 945 2635 et
966 2577 1173 2653 integritatem
1188 2576 1418 2647 testificaretur,

247 2677 414 2737 doctrinam
437 2684 467 2737 et
489 2677 635 2737 rationem
652 2678 717 2737 eius
740 2679 876 2738 criticam
899 2676 1000 2737 dedita
1022 2695 1114 2756 opera
1137 2679 1356 2756 inpugnarisse,
1383 2679 1418 2739 id

246 2779 326 2857 quod
354 2777 542 2858 Apollonium
570 2778 720 2838 Rhodium
747 2777 826 2839 libro
854 2775 937 2855 πρὸ(
965 2775 1154 2854 Ζηνόδοτον
1181 2777 1314 2858 pedestri
1343 2797 1417 2840 ora-

245 2882 328 2939 tione
351 2882 523 2958 oonscripto
546 2881 654 2940 iecisse
677 2878 860 2940 verisimile
883 2887 944 2940 est:
979 2881 1035 2940 clr.
1059 2878 1301 2957 Sengebuschius
1324 2880 1416 2942 llom.

247 2981 318 3042 diss.
341 2981 354 3042 l
376 3001 406 3060 p.
428 2979 480 3042 42.
525 2980 657 3052 Quorum
679 2981 814 3042 Rhianus
836 2988 976 3042 neutrum
999 2982 1085 3051 lecit,
1110 2981 1160 3042 sed
1178 2980 1280 3041 sobrio
1303 2987 1333 3042 et
1349 3001 1416 3043 mo-

246 3083 349 3144 derato
372 3083 485 3144 iudicio
508 3100 586 3144 usus¹
601 3083 691 3144 modo
720 3085 873 3144 consensit
900 3101 969 3144 cum
991 3081 1142 3143 Zenodoto
1170 3084 1293 3162 eiusque
1320 3087 1414 3144 vesti·

245 3186 303 3262 giis
326 3186 452 3254 institit,
474 3182 570 3246 ¹modo
598 3185 636 3246 ab
659 3203 695 3245 ec
723 3186 850 3245 recessit
877 3192 921 3253 et,
950 3184 1003 3244 nbi
1031 3187 1111 3244 insto
1139 3183 1284 3244 lervidius
1313 3187 1415 3262 egisse

245 3285 413 3354 videretur,
437 3288 584 3347 rationem
607 3289 672 3347 eius
688 3285 868 3364 inprobavit.
892 3285 967 3346 Nam
981 3285 1112 3346 vidimus
1127 3303 1196 3346 eum
1211 3288 1227 3349 ξ
1242 3281 1307 3346 295
1323 3281 1363 3365 (4)
1373 3283 1413 3362 ⁵⁶)

245 3394 275 3447 et
296 3383 403 3448 2331
429 3383 490 3465 (18)
514 3388 655 3448 nonnulla
677 3395 843 3448 mutuatum
867 3405 932 3447 esse
955 3387 992 3448 ab
1015 3389 1067 3457 iis,
1097 3406 1172 3467 quae
1195 3390 1255 3447 iam
1277 3387 1414 3447 Zenodo-

245 3496 293 3548 tus
316 3491 499 3567 praeiverat,
529 3489 721 3568 eiusdemque
746 3487 780 3548 ad
805 3491 1013 3550 auctoritatem
1047 3487 1124 3549 haud
1160 3487 1251 3548 dubie
1283 3507 1314 3548 se
1338 3508 1413 3548 con·

244 3589 330 3659 tulit,
359 3608 429 3650 cum
457 3584 558 3653 {522
582 3586 621 3668 (5)
651 3597 681 3649 et
703 3607 724 3651 α
748 3586 809 3650 124
836 3585 896 3669 (22)
926 3589 1035 3650 lonicis
1064 3589 1277 3650 vocabulorum
1304 3590 1414 3652 lormis

244 3691 394 3752 restitutis
417 3689 580 3752 Homerum
602 3690 721 3751 lonicae
750 3693 838 3769 stirpi
861 3692 1043 3753 vindicaret:
1081 3692 1137 3752 cir.
1167 3691 1414 3769 Sengebuschius

244 3792 330 3853 Hom.
364 3792 434 3854 diss.
459 3791 486 3852 ll
508 3809 538 3869 p.
562 3788 605 3855 64
626 3799 656 3853 et
679 3788 729 3854 65.
774 3793 816 3853 Ac
838 3799 996 3872 praeterea
1029 3793 1086 3854 hoc
1120 3811 1237 3872 quoque
1271 3812 1341 3853 cum
1375 3813 1413 3854 eo

244 3912 401 3955 commune
424 3893 543 3962 habuit,
567 3893 645 3974 quod
668 3896 766 3957 varias
781 3894 930 3956 editiones
952 3896 1104 3974 antiquas,
1128 3912 1202 3974 quas
1226 3896 1334 3956 critico
1358 3915 1412 3956 ne-

312 4178 356 4247 55)
374 4178 424 4233 His
443 4178 549 4234 uncinis
567 4176 666 4266 inclusi
683 4193 813 4233 numeros
831 4193 891 4246 eos,
916 4195 984 4245 quos
1006 4177 1035 4232 in
1058 4177 1149 4247 cupite
1173 4159 1279 4246 quinto*
1293 4177 1415 4251 singulis

242 4262 407 4321 lectionibus
423 4263 453 4318 in
470 4263 596 4332 margine
614 4262 737 4332 ascripsi.
