3124 4682
692 305 732 368 57

125 495 279 556 Rhianum
301 495 500 555 revocandum
530 502 576 555 est
598 491 715 575 χόλον,
744 494 823 574 φιοό
852 500 952 572 postea
977 493 1141 552 Aristarchi
1171 511 1297 554 assensu

127 596 357 675 comprobatum
381 604 410 657 et
432 597 583 677 plerisque
608 595 791 657 editionibus
806 603 1001 674 propagatum
1018 589 1081 661 est;¹
1103 594 1181 674 quod
1204 613 1297 676 quan·

125 708 233 778 tepere
266 706 399 778 praestet
431 698 552 760 lectioni
580 698 784 760 Herodianeae
811 700 860 758 vix
894 715 969 776 opus
1001 704 1047 757 est
1076 697 1296 759 demonstrare:

126 803 246 882 qualem
275 804 355 862 enim
386 801 548 862 barbarum
585 809 614 861 et
641 801 764 862 humani
797 818 903 860 sensus
937 805 1088 876 expertem
1117 801 1297 877 tingeremus

125 903 291 974 Achillem,
320 905 345 964 si
372 905 509 964 timuisse
539 921 608 963 eum
632 905 839 982 opinaremur,
870 919 906 962 ne
928 902 1041 961 Priami
1063 900 1158 962 debili
1185 902 1297 962 lamen-

128 1007 242 1066 tatione
267 1001 368 1086 (γόον)
401 1005 437 1066 ad
460 1007 536 1066 iram
560 1012 590 1066 et
612 1005 733 1066 caedem
756 1007 837 1065 senis
867 1003 1061 1064 intelicissimi
1086 1002 1297 1081 abriperetur?

126 1109 254 1168 Praeter
272 1109 346 1168 haec
361 1123 437 1187 quae
456 1107 546 1167 modo
566 1109 689 1184 exposui
713 1107 783 1168 licet
804 1108 894 1166 etiarn
910 1108 1059 1196 conicere,
1075 1122 1130 1183 pro
1145 1103 1244 1168 κόλον
1268 1105 1296 1165 in

126 1210 195 1270 cod.
220 1210 243 1267 V
264 1207 362 1273 κότον
385 1209 544 1287 legendum
567 1227 647 1278 esse,
672 1215 704 1268 ut
719 1209 851 1268 Rhianus
872 1209 965 1268 luerit
987 1209 1018 1267 in
1040 1224 1143 1266 eorum
1159 1224 1295 1275 numero,

17 1369 18 1386 ,
126 1329 204 1393 quos
227 1309 419 1372 Aristarchus
440 1313 483 1371 sie
506 1312 662 1388 scripsisse
690 1310 829 1372 tradidit:
860 1307 896 1372 ἔν
924 1327 982 1372 τιςι
1010 1305 1124 1388 κότον,
1152 1307 1203 1368 sed
1233 1316 1295 1368 turn

126 1433 188 1475 non
212 1413 373 1484 babemus,
404 1413 480 1473 unde
511 1411 614 1476 κόπον
643 1413 834 1492 depravatum
858 1429 923 1472 esse
946 1410 1093 1479 dicamus;
1123 1413 1222 1489 itaque
1246 1411 1295 1470 illa

126 1515 204 1576 mihi
228 1517 372 1576 maiorem
396 1517 460 1574 veri
483 1517 613 1594 speciem
637 1532 763 1594 praese
787 1514 865 1574 lerre
889 1513 1036 1574 videntur.

215 1635 236 1678 α
258 1611 308 1678 95.
354 1616 387 1676 ln
416 1615 538 1678 deorum
568 1617 695 1676 concilio
724 1616 856 1676 Minerva
884 1614 1004 1684 suadet,
1040 1622 1073 1676 ut
1101 1606 1345 1674 Telemaclrns‘dl

125 1719 234 1798 Pylum
257 1726 287 1780 et
309 1717 445 1799 Spartam
467 1721 603 1779 mittatur
626 1719 831 1778 sciscitaturus
854 1717 890 1777 dc
913 1719 1007 1795 patris
1029 1716 1144 1776 reditu:

257 1817 376 1896 πέμψω
399 1817 434 1883 δ’
456 1817 489 1881 ἐς
511 1815 657 1896 (πάρτην
680 1836 714 1881 τε
736 1818 788 1881 καὶ
810 1817 843 1881 ἐς
864 1816 977 1882 Πύλον
999 1815 1196 1898 ἠμαθόεντα,

243 1919 374 1984 ’νόςτον
396 1918 597 1999 πευςόμενον
619 1919 741 1998 πατρὸς
763 1917 872 2000 φίλου,
894 1917 934 1996 ἤν
957 1938 1022 1982 που
1045 1917 1164 2001 ἀκούςῃ

257 2019 313 2099 ἠδ’
333 2019 389 2085 ἵνα
410 2040 462 2100 μιν
484 2020 578 2086 κλέος
601 2019 715 2085 ἐςθλὸν
738 2019 773 2086 ἐν
796 2017 1010 2098 ἀνθρώποιςιν
1033 2020 1175 2104 ἔχῃςιν.

17 2175 18 2200 ,
126 2126 230 2186 Schol.
253 2122 404 2206 ἔχῃςιν·
426 2122 462 2188 ἐν
484 2127 522 2206 τῇ
545 2122 625 2187 κατὰ
646 2121 775 2187 Ῥιανὸν
791 2120 949 2202 γράφεται
973 2119 1118 2204 λάβῃςι.
1144 2121 1179 2182 Η.
1202 2121 1297 2182 Huius

126 2227 349 2289 emendationis
371 2228 518 2288 rationem
540 2226 667 2286 reddere
695 2225 873 2305 perdifficile
902 2231 961 2293 est,
991 2243 1058 2284 curn
1087 2224 1158 2304 quid
1182 2225 1297 2286 Rhiano

17 2397 18 2400 Ἴ
126 2333 160 2390 in
185 2328 277 2390 verbo
306 2326 412 2410 ἔχῃςιν
441 2329 644 2409 displicuerit,
678 2345 775 2407 neque
808 2346 844 2386 ex
877 2325 990 2388 scholio
1018 2345 1116 2406 neque
1145 2345 1180 2386 ex
1209 2344 1298 2386 versu

126 2435 196 2510 ipso
219 2438 304 2491 certo
327 2433 468 2508 cognosci
490 2431 595 2510 possit.
640 2428 714 2489 Nam
743 2429 820 2508 quod
844 2431 890 2488 rei
913 2430 1075 2498 inanimae,
1105 2447 1173 2489 curn
1196 2430 1297 2489 existi-

125 2534 221 2594 matio
243 2531 322 2593 bona
345 2530 448 2612 (κλέος
470 2529 594 2612 ἐςθλόν)
611 2530 822 2592 Telemachum
846 2537 947 2591 tenere
968 2530 1099 2599 dicatur,
1122 2531 1207 2610 quasi
1228 2549 1297 2609 per·

126 2653 222 2698 sonae
246 2636 429 2696 conscientia
454 2641 482 2693 et
504 2633 650 2713 quaedam
672 2633 779 2710 agendi
798 2639 931 2712 potestas
953 2631 1111 2704 tribuitur,
1136 2631 1192 2692 hoc
1214 2632 1297 2693 illurn

17 2803 18 2816 φ
126 2737 207 2798 male
230 2735 342 2797 habere
371 2755 430 2796 non
454 2738 569 2815 potuit,
604 2753 672 2796 cum
701 2737 771 2814 quia
800 2735 866 2795 aliis
889 2736 920 2794 in
947 2733 1098 2805 versibus,
1133 2742 1166 2795 ut
1190 2731 1213 2795 Ρ
1236 2729 1297 2794 143

17 2827 18 2838 ,
124 2837 147 2917 ἦ
170 2837 203 2903 ς’
225 2835 331 2901 αὔτως
353 2835 446 2900 κλέος
469 2835 582 2901 ἐςθλόν
604 2834 684 2914 ἔχει,
708 2833 844 2915 φύξηλιν
859 2834 969 2916 ἐόντα,
993 2837 1096 2896 eadem
1120 2837 1183 2896 lere
1206 2835 1296 2896 verba

125 2943 286 3020 leguntur,
316 2946 379 3000 tmn
401 2941 471 3018 quia
499 2938 592 2999 verbo
615 2957 664 3008 eo,
689 2939 769 3016 quod
792 2937 960 3008 substituit,
989 2935 1099 3020 λάβῃςι
1127 2937 1182 2998 bac
1210 2939 1241 2996 in
1264 2955 1297 2996 re

126 3043 207 3104 nihil
230 3049 371 3102 mutatur.
415 3039 561 3120 Equidem
585 3041 660 3100 nihil
688 3043 808 3101 invenio
836 3040 930 3110 aliud,
960 3059 1048 3120 quam
1071 3038 1219 3100 Rhianum
1242 3057 1296 3118 pu·

17 3221 18 3224 ¹
126 3147 255 3213 lavisse,
278 3142 456 3206 Telemacho
479 3161 539 3202 non
567 3151 627 3204 tarn
657 3143 687 3204 id
711 3143 859 3220 agendum
882 3161 962 3212 esse,
992 3151 1025 3203 ut
1051 3141 1161 3203 bonam
1189 3142 1297 3202 lamam

17 3231 18 3312 l
125 3246 268 3316 haberet,
293 3263 382 3326 quam
403 3251 438 3304 ut
459 3244 754 3324 adipisceretur.
791 3245 909 3305 Etenim
931 3263 998 3304 oum
1023 3243 1198 3323 ecquidem
1222 3249 1297 3302 tem·

17 3327 18 3348 ¹
125 3367 204 3431 pore
227 3366 326 3428 neque
347 3365 509 3428 procorum
537 3346 726 3408 insolentiam
754 3364 893 3407 coercere
922 3353 1045 3406 conatus
1073 3363 1171 3424 neque
1199 3352 1232 3406 ut
1260 3344 1297 3405 de

125 3452 224 3534 patris
247 3457 326 3510 sorte
349 3451 425 3510 certi
448 3448 518 3528 qnid
540 3451 738 3527 comperiret,
767 3450 797 3508 in
829 3455 946 3508 exteras
969 3456 1064 3508 terras
1092 3449 1299 3527 peregrinatus

17 3597 18 3608 ,
126 3559 224 3621 essct,
249 3549 300 3612 sed
325 3552 389 3612 sine
411 3551 532 3610 nomine
555 3555 585 3609 et
607 3551 739 3628 aprocis
761 3556 949 3629 contemptus
964 3548 1123 3610 obscuram
1138 3550 1298 3628 pueritiam

17 3645 18 3680 l
126 3656 277 3734 degisset,
307 3653 432 3731 gloriam
462 3651 520 3712 sibi
548 3669 608 3712 non
636 3655 694 3712 iam
723 3658 946 3732 comparaverat
972 3669 1069 3730 neque
1097 3649 1169 3730 quid
1198 3649 1234 3710 de
1262 3667 1297 3709 eo

17 3775 19 3800 ·
126 3752 362 3836 exspectandum
385 3760 465 3814 esset
486 3755 559 3815 seiri
581 3761 708 3833 poterat.
739 3753 797 3814 Sed
820 3755 907 3814 lactis
928 3755 967 3814 iis
988 3771 1063 3834 quae
1086 3752 1217 3812 Minerva
1231 3751 1298 3811 lieri

126 3859 237 3928 voluit,
262 3859 287 3918 si
310 3858 410 3916 minus
433 3873 570 3926 necesse,
594 3863 624 3916 at
646 3857 709 3916 veri
725 3855 822 3916 slmile
845 3862 911 3917 erat
932 3856 1066 3915 futurum
1090 3871 1170 3924 esse,
1193 3859 1226 3914 ut
1240 3852 1297 3914 Tc-

17 3943 22 3953 *
126 3959 282 4022 lemacbus
315 3957 428 4018 strenui
461 3965 491 4018 et
522 3957 609 4018 sortis
638 3955 837 4040 adulescentis
869 3955 986 4018 laudem
1019 3955 1237 4036 adipisceretur
1269 3961 1298 4013 et

126 4061 210 4124 lilius
232 4066 317 4140 patre
340 4059 450 4137 dignus
472 4058 643 4120 haberetur.
751 4039 756 4050 ⁸

17 4229 18 4242 φ
216 4157 330 4224 (1124.
362 4159 509 4229 Minerva,
534 4160 649 4221 lllentae
672 4161 767 4221 forma
789 4160 907 4229 induta,
932 4159 983 4220 ubi
1005 4159 1125 4218 domurn
1148 4157 1241 4217 Vlixis
1264 4149 1345 4217 se22

17 4277 19 4290 ³
128 4262 271 4333 contulit,
294 4279 310 4323 a
333 4260 512 4324 Telemacho
535 4259 617 4324 hisce
641 4259 740 4322 verbis
762 4261 921 4322 salutatur:
