3124 4682
656 255 808 352 *ατ-

232 461 248 506 ε
270 439 342 506 253.
388 442 576 504 Describitur
604 447 677 503 ratis
704 445 866 511 conlectio,
897 461 953 522 qua
982 443 1081 504 Vlixes
1104 443 1245 524 Ogygiam
1269 441 1367 508 ro-tu

144 546 242 608 sulam
276 544 438 604 relicturus
472 549 531 612 est,
565 550 594 602 et
624 544 758 621 singulae
792 546 857 604 eius
885 553 985 624 partes
1015 553 1152 606 accurate
1175 541 1316 626 deinceps

145 654 379 708 enumerantur:

274 745 417 825 inprobi
441 746 567 823 ςτήςας,
590 743 721 823 ἀραρὼν
743 744 851 825 θαμέςι
874 745 1082 825 ςταμίνεςςιν,

274 847 375 912 ποίει·
398 845 478 926 ἀτὰρ
502 852 654 930 μακρῇςιν
677 845 979 925 ἐπηγκενίδεςςι
1000 846 1141 912 τελεύτα.

144 951 247 1012 Schol.
272 948 591 1028 ἐπηγκενίδεςςι·
614 947 719 1014 οὕτως
741 947 951 1027 Ἀρίςταρχος.
974 947 1101 1012 Ῥιανὸς
1123 950 1159 1014 δὲ
1181 949 1340 1013 ἐπιτα-’

142 1051 271 1115 vibet·
305 1048 408 1128 ἤγουν
441 1051 510 1112 ταῖς
538 1051 671 1128 μακραῖς
694 1050 745 1113 καὶ
772 1049 1044 1128 ἐπεκτεταμέναις.
1090 1051 1138 1112 Sic
1161 1053 1253 1116 codex
1282 1054 1315 1122 P,

143 1155 346 1215 Buttmannus
372 1151 466 1212 voluit
494 1149 711 1232 ἐπεκτανίὸες,
745 1153 822 1234 quod
849 1155 976 1214 maxime
1006 1171 1172 1230 congruere
1201 1155 1317 1216 videtur

144 1273 215 1315 eum
238 1253 354 1332 Didymi
378 1255 640 1332 interpretatione,
665 1253 833 1314 Lobechius
855 1255 935 1332 path.
960 1255 1047 1314 elem.
1071 1255 1084 1314 l
1107 1275 1136 1334 p.
1152 1252 1216 1317 508
1240 1254 1316 1332 έπη-
1402 1257 1404 1262 ’

143 1355 289 1436 τανίδες,
312 1354 391 1416 unde
414 1353 582 1414 Dindorlius
604 1352 822 1431 έπητανίδεςςι
844 1358 875 1416 in
892 1355 1072 1416 scholiorum
1095 1364 1209 1418 textum
1231 1375 1315 1417 rece-

144 1459 204 1536 pit.
243 1457 285 1516 lle
308 1456 356 1516 his
378 1455 451 1534 quid
480 1463 621 1525 statuam,
651 1456 761 1517 dubius
784 1458 907 1528 haereo,
937 1465 1024 1537 atque
1053 1460 1182 1536 ingenue
1210 1459 1315 1528 lateor,

146 1558 222 1618 mihi
254 1576 311 1617 non
340 1556 435 1616 videri
459 1557 494 1616 ad
523 1556 670 1636 liquidum
694 1559 818 1638 perduci
841 1578 944 1638 posse,
973 1560 1044 1640 quid
1067 1559 1200 1620 Rhianus
1223 1562 1317 1639 scrip-

145 1661 223 1720 serit
255 1658 424 1738 quibusque
458 1661 556 1719 causis
597 1659 743 1720 adductus
777 1663 826 1721 sit.
878 1662 1017 1746 Veterum
1055 1663 1316 1740 grammaticorum

146 1761 354 1822 adnotationes
377 1761 512 1839 copiosas
527 1763 693 1840 composuit
708 1761 878 1824 Diudorlius
901 1765 932 1822 in
963 1763 1144 1824 scholiorum
1175 1763 1315 1831 editione,

144 1870 306 1943 praeterea
334 1861 400 1921 vide
435 1860 486 1920 Nx
487 1861 619 1922 zsehxum
651 1860 686 1921 ad
720 1861 750 1922 h.
779 1862 798 1923 l.
823 1863 850 1924 ll
882 1884 910 1944 p.
934 1860 985 1924 38.
1014 1861 1069 1934 39,
1103 1864 1315 1926 Doederlinum

145 1965 237 2042 gloss.
261 1963 359 2042 lllp.
382 1959 498 2022 28411.
522 1959 620 2033 2397,
651 1963 685 2024 G
714 1965 849 2025 Gurtlum
889 1973 977 2045 etym.
1005 1983 1049 2044 gr.
1073 1986 1102 2046 p.
1125 1962 1203 2035 277,
1228 1967 1316 2028 Gras-

147 2065 312 2126 holiumd.
336 2064 414 2126 horu.
438 2062 534 2123 Schill
554 2083 582 2142 p.
608 2061 659 2124 10.

116 2247 119 2253 ¹
235 2163 346 2229 e315.
392 2165 582 2244 Tempestate
606 2185 692 2227 saeva
721 2174 822 2227 coorta
844 2166 942 2228 Vlixes
970 2167 1110 2230 fluctibus
1140 2171 1265 2230 iactatus
1288 2167 1366 2232 ot3l

146 2269 276 2331 obrutus
299 2287 315 2328 e
338 2275 400 2328 rate
424 2268 518 2327 lracta
542 2269 665 2328 eicitur:

279 2367 324 2430 ὣς
346 2365 409 2446 ἄρα
430 2386 482 2444 μιν
505 2365 630 2438 εἰπόντ’
653 2365 765 2432 έλαςεν
788 2369 869 2448 μέγα
890 2371 973 2450 κῦμα
995 2370 1068 2434 κατ’
1090 2368 1205 2453 ἄκρης,

278 2469 388 2533 δεινὸν
412 2467 642 2548 ἐπεςεύμενον,
664 2469 737 2547 περὶ
759 2470 795 2533 δὲ
818 2471 944 2550 ςχεδίην
966 2470 1114 2538 ἐλέλιξεν.

192 2569 255 2634 315
277 2573 354 2648 τῆλε
375 2569 409 2633 h'
432 2568 498 2633 ἀπὸ
521 2568 644 2648 εχεδίης
666 2569 787 2636 αὐτὸς
808 2571 914 2638 πέςε·
943 2571 1102 2651 πηδάλιον
1125 2575 1161 2637 δὲ

279 2672 314 2736 ἐκ
336 2675 453 2751 χειρῶν
476 2670 629 2749 προέηκε·
650 2671 747 2750 μέςον
770 2673 806 2736 δέ
828 2673 859 2738 οἱ
880 2673 967 2738 ἱςτόν
990 2673 1083 2742 ἔαξεν

275 2773 364 2850 δεινὴ
387 2771 589 2851 μιςγομένων
611 2771 739 2853 ἀνέμων
763 2773 900 2839 ἐλθοῦςα
922 2775 1049 2840 θύελλα.

144 2878 248 2941 Schol.
271 2873 391 2940 αὐτὸς
419 2873 525 2938 πέςε·
552 2873 681 2938 Ῥιανὸς
709 2873 831 2942 αὐτὸν
862 2876 969 2956 βάλε.
991 2877 1029 2942 τὸ
1052 2880 1133 2954 κῦμα
1156 2877 1318 2956 δηλονότι.

146 2981 167 3044 ὃ
193 2977 244 3044 καὶ
265 2973 450 3056 άμεινον.47)
474 2973 694 3056 ἀντιςτρόφως
716 2977 751 3041 δὲ
773 2976 980 3056 ἡρμήνευςεν.
1009 2977 1049 3042 οὐ
1071 2978 1133 3056 γάρ
1155 2978 1318 3057 πρότερον

218 3280 357 3341 tilliaco
384 3278 482 3334 scholii
498 3279 586 3332 verba
611 3279 640 3332 in
663 3278 758 3333 codice
780 3278 994 3346 Mediolanensi,
1016 3281 1049 3333 ub
1064 3279 1250 3335 Buttmannus
1268 3281 1317 3335 ad-

147 3365 270 3432 notovit,
288 3381 306 3418 a
324 3381 348 3417 v.
366 3368 416 3418 315
435 3361 471 3416 ad
488 3381 513 3419 v.
532 3369 581 3418 313
605 3364 807 3418 aberraverunt
829 3364 858 3418 et
884 3363 988 3418 scholio
1015 3363 1056 3418 ibi
1073 3363 1195 3434 ascripto
1214 3355 1316 3422 adhae-

146 3453 227 3516 renb3
246 3449 394 3518 praeterea
410 3448 476 3518 post
492 3449 583 3502 αὐτόν
618 3448 752 3503 insertum
770 3450 812 3502 est
834 3451 864 3502 δέ
887 3451 917 3502 et
937 3465 1003 3502 mox
1024 3449 1112 3504 verba
1134 3453 1180 3505 καὶ
1203 3451 1318 3518 ἄμεινον

147 3535 257 3590 omissa.
275 3533 350 3598 suni,
368 3535 400 3585 ub
417 3531 503 3584 lolius
521 3531 627 3597 scholii,
647 3531 723 3599 quod
740 3533 777 3586 ad
794 3551 819 3586 v.
832 3539 881 3588 313
900 3535 940 3588 ὣς
958 3535 1012 3602 άρα
1030 3552 1076 3600 μιν
1095 3535 1208 3589 εἰπόντ’
1220 3538 1319 3590 ἔλαςεν

148 3623 222 3689 μέγα
242 3623 316 3684 κῦμα
334 3619 399 3670 κατ’
412 3617 499 3684 ἄκρης
519 3615 678 3685 appositum
703 3616 757 3683 est,
779 3613 866 3672 verba
888 3618 961 3672 hune
982 3618 1012 3672 in
1033 3619 1147 3672 modum
1169 3637 1319 3689 perperam

148 3702 311 3760 continuari
328 3699 455 3770 putanda
473 3699 539 3753 sint:
559 3702 642 3766 μέγα
662 3705 748 3767 κῦμα
766 3704 844 3756 κατ’
861 3703 900 3756 άκ
906 3719 984 3771 ρης·
1009 3705 1048 3758 ὡς
1067 3705 1160 3771 φαμέν
1178 3705 1318 3774 κατάκρας

148 3793 237 3845 πόλιν
256 3789 338 3840 ἑλεῖν.
363 3787 470 3840 Ῥιανὸς
488 3787 578 3840 αὐτὸν
600 3787 630 3839 δὲ
653 3787 732 3852 βάλε,
756 3789 790 3842 τά
813 3792 887 3853 rupo
909 3789 1049 3855 δηλονότι.
1085 3787 1167 3841 Cuius
1183 3787 1225 3843 rei
1242 3806 1319 3844 men·

147 3874 258 3930 tionem
283 3869 389 3924 nullam
414 3867 553 3936 fecissem,
583 3869 637 3924 nisi
665 3870 809 3924 Polakio
840 3873 965 3926 observv.
996 3871 1032 3926 ad
1059 3871 1164 3926 scholia
1188 3872 1218 3926 in
1235 3873 1316 3928 Hom.

148 3959 249 4026 Odyss.
275 3953 374 4024 [Lugd.
398 3951 460 4006 Boe.
484 3958 560 4020 1869)
586 3972 614 4023 p.
638 3961 670 4008 41
689 3954 810 4008 lubitum
832 3958 906 4009 esset
923 3956 988 4010 inde
1007 3955 1153 4026 suspicari,
1180 3955 1319 4010 Rhianum

145 4043 236 4098 fuisse
253 4039 326 4094 inber
343 4053 404 4104 eos,
428 4054 496 4105 quos
514 4039 699 4093 Bubbmaunus
722 4039 876 4094 arbitratur
902 4041 1051 4094 formulam
1074 4042 1140 4094 κατ’
1166 4040 1253 4108 ἄκρης
1276 4041 1318 4095 ita
1379 4062 1382 4068 ·

149 4125 291 4180 divisisse:
312 4125 384 4177 κατὰ
397 4123 464 4190 κράς
482 4123 527 4178 vel
545 4125 621 4192 κρής.
656 4123 729 4178 Nam
747 4123 795 4192 qui
816 4124 876 4178 fieri
893 4123 1030 4194 poluerit,
1052 4123 1088 4176 uh
1105 4122 1179 4176 istud
1197 4124 1317 4194 suspica.-
1393 4164 1396 4173 .

147 4214 242 4278 retur,
259 4209 290 4262 id
307 4208 441 4262 confiteor
458 4224 503 4262 me
521 4223 577 4264 non
594 4224 676 4278 posse
695 4208 844 4278 expiscari,
863 4225 925 4263 eum
942 4209 1091 4280 praeterea
1108 4207 1178 4260 nihil
1195 4207 1317 4264 invenia-

240 4313 243 4320 .
1131 4296 1166 4346 ὅ*
