3112 4684
698 309 737 374 91

131 503 217 579 gotio
241 499 385 567 admovit,
409 501 543 560 nondum
558 501 719 579 diligenter
741 501 821 562 inter
844 520 875 561 se
891 501 1052 562 contulisse
1076 511 1106 563 et
1128 521 1183 583 pro
1206 504 1302 582 digni·
1353 543 1356 548 -

131 612 197 663 tate
230 620 336 662 earum
368 604 399 662 iu
429 621 553 662 censum
581 603 730 683 quendam
763 611 794 664 et
821 603 959 664 ordinem
987 604 1163 682 digessisse,
1197 606 1302 667 sedin

131 703 339 765 diiudicandis
367 703 552 764 lectionibus
579 707 671 766 variis
699 689 904 784 versibusque
920 715 950 767 et
978 708 1117 784 genuinis
1145 715 1175 768 et
1203 707 1302 768 subdi-

131 788 217 866 ticiis
240 807 321 865 inter
344 823 376 866 se
398 804 610 882 dignoscendis
639 825 693 866 suo
726 808 863 884 ingenio,
894 807 1049 868 doctrinae
1084 819 1114 868 et
1141 827 1244 870 rerum
1273 817 1303 869 et

133 907 279 968 dictionis
294 909 430 986 poeticae
448 908 613 985 cognitioni
636 907 806 988 plusquam
822 916 981 970 accuratae
1004 916 1034 969 et
1056 911 1151 971 iustae
1167 917 1303 972 veterum
1383 969 1387 976 .

131 1007 286 1069 librorum
309 1009 511 1070 aestimationi
533 1008 676 1070 tribuisse
700 1007 828 1070 videtur.
872 1009 946 1070 Nam
971 1009 1194 1089 diplomaticam
1227 1030 1302 1091 quae

131 1117 259 1171 vocatur
281 1109 384 1179 iidem,
409 1111 445 1170 ad
468 1129 557 1190 quam
580 1110 782 1172 Aristarchus
799 1111 919 1172 demum
941 1111 1170 1172 Homericorum
1193 1115 1302 1173 carmi-

132 1231 209 1272 num
232 1218 348 1272 textum
370 1211 551 1289 exigendum
574 1230 639 1272 esse
663 1211 809 1273 intellexit
832 1220 862 1273 et
884 1215 1005 1293 exigere
1028 1228 1217 1292 summopere
1240 1221 1302 1273 stu-

132 1309 262 1390 duit⁵⁷),
287 1311 421 1374 Rhianus
444 1315 475 1374 in
499 1332 551 1375 sua
575 1313 707 1374 editione
731 1313 864 1375 curanda
888 1317 929 1375 ita
952 1323 1069 1376 tantum
1092 1322 1224 1376 sectatus
1247 1323 1301 1388 est,

131 1423 167 1475 ut
191 1417 272 1475 inter
295 1414 491 1494 quadraginta
520 1417 652 1496 quinque
674 1416 834 1485 lectioneS,
864 1433 939 1496 quae
962 1418 1027 1476 eius
1050 1418 1170 1476 nomine
1199 1418 1302 1476 lerun-

131 1525 200 1585 tur‚
230 1521 300 1576 octo
329 1519 365 1576 ex
394 1518 484 1577 variis
518 1515 652 1577 lontibus
686 1517 836 1587 hauriret,
872 1526 989 1579 ceteras
1025 1518 1223 1580 coniectando
1258 1521 1303 1578 iu-

130 1623 238 1680 ventas
261 1635 315 1680 suo
338 1617 430 1679 Marte
453 1627 587 1696 poneret.
634 1617 833 1699 Quamquam,
857 1637 933 1699 quae
957 1627 1002 1680 est
1026 1619 1209 1680 scholiorum
1231 1638 1303 1680 con·

131 1721 231 1790 dicio,
261 1721 385 1780 minime
416 1721 522 1798 ignoro
544 1720 599 1780 bos
622 1739 763 1782 numeros
785 1738 845 1780 non
874 1738 980 1781 vacare
1008 1720 1045 1781 ab
1075 1723 1156 1781 omni
1185 1720 1303 1782 dubita-

130 1825 233 1883 tione:
257 1823 326 1900 quis
348 1822 429 1882 enim
452 1829 496 1882 est
519 1823 571 1901 qui
593 1825 682 1892 sciat,
707 1841 779 1882 num
802 1822 963 1892 lectioneS,
992 1821 1103 1902 quibus
1126 1823 1303 1884 scholiastae

129 1931 256 2002 praeter
267 1923 376 1984 Rhiani
388 1941 496 1984 nornen
511 1923 584 1983 nihil
598 1923 772 1993 adiecerint,
786 1941 890 1984 omnes
899 1942 932 1983 re
945 1925 1212 1984 veraconiecturae
1226 1924 1304 1984 sint?

130 2027 205 2106 quis
217 2025 389 2094 contendet,
405 2027 431 2086 si
447 2025 549 2104 plures
562 2025 706 2085 lectiones
719 2027 784 2085 eius
799 2026 834 2087 ad
848 2045 902 2086 nos
915 2032 1096 2104 propagatae
1108 2033 1218 2098 essent,
1227 2025 1303 2086 hano

131 2146 228 2208 quam
241 2145 322 2187 nunc
336 2129 494 2188 statuimus
506 2127 657 2188 rationem
669 2134 699 2186 et
712 2129 952 2188 coniecturarum
967 2135 996 2186 et
1009 2126 1172 2186 lectionum
1184 2126 1303 2186 aliunde

131 2235 347 2308 susceptarum
369 2229 457 2308 plane
481 2228 604 2288 eandem
627 2246 852 2306 permansuram
876 2230 988 2288 luisse?
1010 2227 1048 2287 At
1070 2235 1176 2288 contra
1191 2227 1247 2288 hac
1270 2245 1303 2287 re

131 2330 289 2392 Zenodoto
303 2327 458 2390 dissimilis
471 2330 529 2390 luit
541 2336 571 2390 et
583 2329 765 2407 singularem
777 2333 808 2391 in
820 2329 980 2391 iudicando
993 2328 1210 2390 firmitudinem
1223 2349 1303 2390 com-

131 2431 290 2514 probavit,
315 2431 391 2510 quod
415 2433 447 2491 in
469 2433 644 2492 universum
667 2431 779 2493 iudicio
802 2433 1015 2511 temperatiore
1039 2438 1068 2491 et
1089 2431 1182 2491 multo
1205 2433 1305 2492 minus

133 2534 246 2596 amlaoi
270 2551 358 2614 quam
381 2532 431 2592 ille
455 2531 596 2594 utebatur
626 2541 656 2594 et
678 2542 812 2593 veterum
835 2534 1002 2594 editionum
1024 2535 1187 2593 memoriae
1209 2535 1306 2611 magis

132 2645 227 2698 tenax
250 2643 329 2703 erat,
354 2635 383 2694 id
407 2634 485 2714 quod
509 2652 576 2695 oum
600 2655 636 2696 ex
657 2634 682 2696 A
705 2632 744 2696 97
769 2633 824 2715 (Ἰ),
853 2633 906 2694 ubi
928 2634 1062 2696 Rhianus
1085 2643 1189 2696 eontra
1212 2635 1305 2694 Zeno·

132 2740 242 2800 dotum
265 2735 480 2797 Massiliensem
508 2735 672 2798 editionem
700 2744 823 2798 secutus
851 2736 1017 2796 Aristarchi
1047 2755 1200 2796 assensum
1227 2736 1304 2806 tulit,

133 2849 203 2902 tum
226 2857 299 2902 vero
322 2856 357 2898 ex
381 2837 621 2898 athetesihus
643 2838 751 2908 elucet,
775 2836 932 2917 inquibus
954 2839 1167 2914 grammaticus
1189 2837 1237 2898 ille
1259 2839 1305 2898 in·

133 2930 470 3020 geniosissimus'inter
493 2957 597 2999 omnes
619 2939 751 3002 editores
780 2941 909 2999 maxime
931 2938 992 2998 sibi
1015 2937 1137 3000 indulsit
1160 2946 1189 2999 et
1211 2941 1306 2999 iustos

133 3046 213 3104 fines
236 3059 449 3120 nonnunquam
473 3047 612 3118 evagatus
634 3048 695 3108 est;
724 3030 864 3124 ¹nam'in
892 3039 1030 3100 versibus
1052 3039 1192 3100 omnibus
1214 3059 1230 3100 a
1252 3040 1306 3102 Ze-

134 3143 251 3206 nodoto
274 3149 326 3203 aut
349 3143 454 3202 eiectis
477 3149 529 3203 aut
553 3139 640 3202 obelo
659 3143 797 3222 apposito
815 3140 963 3202 damnatis
978 3141 1112 3202 Rhianus
1135 3159 1194 3202 non
1217 3161 1307 3202 ausus

136 3253 186 3306 est
209 3247 236 3306 ei
260 3245 402 3304 assentiri
426 3251 455 3304 et
478 3246 542 3323 ipse
566 3262 625 3303 non
649 3243 715 3322 plus
738 3262 826 3323 quam
850 3242 947 3303 tribus
970 3243 1044 3303 locis
1060 3243 1218 3316 nonnullos
1241 3262 1306 3304 ver-

136 3366 191 3408 sus
212 3345 252 3406 ab
275 3344 405 3405 Homero
422 3344 620 3412 abiudicavit,
644 3347 674 3404 in
698 3343 808 3424 quibus
831 3363 1012 3424 quamquam
1039 3362 1099 3403 non
1129 3351 1174 3404 est
1201 3364 1256 3405 our
1278 3347 1307 3404 ei

135 3466 264 3528 prorsus
287 3445 505 3526 obsequamur,
535 3444 685 3506 laudabile
708 3454 808 3506 tamen
832 3453 876 3506 est
900 3447 965 3506 eius
988 3445 1138 3514 studium,
1168 3466 1227 3526 quo
1251 3449 1307 3507 im·

136 3549 246 3630 pedire
268 3547 378 3616 voluit,
409 3567 445 3607 xre
468 3547 616 3608 Homerus
644 3566 746 3606 secunx
775 3549 938 3626 pugnantia
962 3555 1013 3608 aut
1036 3566 1255 3626 supervacanea
1277 3555 1307 3608 et

136 3649 281 3726 languida
314 3648 503 3728 loqueretur,
539 3655 569 3708 et
603 3654 662 3708 uno
691 3649 758 3708 looo
786 3651 804 3710 b
829 3645 889 3710 158
910 3669 954 3728 sq.
979 3645 1019 3728 (2)
1053 3657 1173 3728 praeter
1206 3658 1308 3712 cetera

138 3753 233 3812 etiam
255 3749 400 3810 Zenodoti
423 3751 607 3827 argumentis
629 3749 748 3810 videtur
771 3758 868 3811 motus
892 3747 1013 3830 esse.⁵⁸)

137 3955 344 3966 ——--—

211 4087 254 4151 57)
274 4084 316 4138 De
335 4083 490 4139 Aristarchi
512 4085 667 4140 rationibus
690 4083 791 4139 criticis
816 4085 906 4152 deque
928 4084 1065 4140 Zenodoti
1087 4085 1124 4140 ab
1148 4083 1308 4139 Aristarcho

140 4168 303 4224 differentia
321 4169 369 4223 cir.
388 4168 517 4224 Lehrsius
534 4168 618 4224 Arist.
635 4187 663 4238 p.
683 4175 827 4224 348-386.

212 4254 258 4321 58)
276 4251 348 4308 Hinc
374 4253 455 4324 patet
479 4269 579 4324 parum
601 4254 677 4310 recle
703 4253 827 4310 iudicare
850 4252 1088 4322 hengebusohium
1110 4251 1192 4307 Hom.
1215 4251 1310 4310 dissl
