3124 4682
803 289 846 353 44

762 379 900 388 ιι...-

243 485 387 561 cuiusqnc
410 481 456 542 rei
478 483 601 560 propria
629 482 690 542 sint
718 483 939 561 praecipucque
967 483 999 542 in
1022 490 1214 560 conspectum
1236 485 1358 544 veniant
1381 492 1416 544 et

243 584 429 645 audientium
451 585 566 643 animos
589 582 625 643 ad
648 601 821 662 expressam
843 579 945 644 rerum
967 585 1128 661 imaginem
1151 585 1331 661 cogitatione
1355 589 1413 647 tin-

243 686 370 764 gendam
385 703 472 762 quam
489 687 617 745 maxime
639 687 783 755 excitent,
807 686 986 763 fugientium
1002 686 1129 747 militum
1152 694 1182 746 et
1197 686 1319 747 densam
1334 689 1413 749 mul·

242 787 403 848 titudinem
430 794 460 846 et
480 776 615 848 timidam
639 787 874 866 trepidationem
900 787 1007 849 melius
1033 787 1213 868 breviusque
1239 797 1327 868 poeta
1352 790 1414 850 boc

242 889 308 949 loco
331 888 503 950 describere
525 907 585 948 non
607 895 740 968 poterat,
764 908 852 969 quarn
874 892 915 951 ita
931 897 964 950 ut
978 892 1130 967 ingentem
1152 890 1322 968 togatorum
1338 911 1412 952 con·

218 1010 379 1062 cursum,
412 993 463 1071 qui
497 991 533 1050 ad
556 997 657 1070 portas
679 989 783 1062 fiebat,
817 1009 885 1052 cum
917 993 946 1052 vi
980 999 1010 1051 ct
1042 993 1188 1068 gravitate
1211 994 1409 1068 signiticaret

243 1093 358 1164 Quibus
380 1093 416 1154 de
439 1095 537 1154 causis
560 1091 634 1153 illud
656 1089 754 1156 πύλαι
776 1102 864 1172 poeta
891 1093 984 1154 multo
1012 1092 1132 1170 dignius
1161 1100 1190 1153 et
1212 1093 1298 1172 longe
1321 1083 1412 1174 pra‘e·

243 1195 399 1257 terendum
422 1201 468 1256 est
489 1194 624 1272 vulgatae
653 1194 787 1254 lectioni.
832 1193 909 1264 Quid
932 1195 1021 1254 vero?
1057 1194 1124 1256 dico
1152 1193 1245 1258 nolte
1273 1215 1310 1256 ne
1333 1199 1412 1258 lerri

244 1297 362 1375 quidem
385 1315 482 1376 posse.
528 1296 572 1356 An
595 1302 640 1356 est
654 1293 748 1359 πόλι(
771 1295 805 1358 δ’
832 1293 975 1375 ἔμπλητο
998 1294 1144 1360 ἀλέντων
1167 1297 1248 1358 aliud
1271 1317 1359 1378 quarn
1383 1303 1412 1359 si

246 1399 328 1460 dicas
351 1397 386 1462 ἐν
408 1403 446 1478 τῇ
470 1395 563 1460 πόλει
584 1393 662 1462 ἄλεν
692 1399 737 1458 vel
760 1395 922 1461 elleboro?
958 1398 1000 1458 lta
1031 1405 1062 1458 ut
1076 1406 1232 1478 postquam
1249 1401 1280 1459 in
1302 1400 1412 1461 urbem

242 1502 426 1570 introissent,
451 1499 494 1560 ibi
509 1502 644 1578 ipsorum
660 1500 848 1561 multitudine
863 1501 1092 1578 premerentur?
1115 1501 1224 1561 Athon
1240 1519 1317 1580 nego
1340 1509 1411 1581 apte

243 1601 390 1682 quadrare
413 1603 444 1662 in
466 1603 617 1662 notionem
639 1599 725 1661 urbis
747 1604 932 1680 maximeque
954 1601 1062 1662 Troiae
1085 1603 1298 1680 amplissimae,
1323 1606 1413 1664 cuius

244 1705 397 1764 sollemnia
421 1711 490 1765 sunt
523 1703 653 1782 epitheta
685 1700 792 1780 edesio
825 1709 853 1762 et
892 1699 1074 1780 εὐρυάγυια.
1118 1702 1293 1784 Vbicunque
1328 1708 1411 1766 enim

243 1803 358 1883 ἀλῆναι
379 1823 447 1866 cum
469 1807 689 1884 praepositione
712 1807 844 1884 quietem
867 1800 1034 1874 indicante,
1065 1804 1144 1864 velut
1166 1803 1213 1868 ἐνί
1235 1813 1265 1867 et
1287 1804 1339 1869 ἐπί
1361 1825 1412 1866 se-

243 1915 352 1987 quente
374 1908 472 1968 dativo
494 1909 643 1985 iungitur,
673 1907 755 1968 locus
782 1913 923 1984 angustus
951 1908 1151 1984 significatur,
1180 1909 1211 1967 in
1240 1927 1298 1987 quo
1321 1907 1413 1970 multi

242 2010 381 2072 homines
402 2012 568 2089 compressi
589 2010 652 2088 ipsa
675 2009 867 2070 multitudine
890 2026 955 2069 sese
977 2008 1143 2088 impediant
1166 2017 1195 2070 et
1218 2009 1410 2088 perturbent,

242 2121 276 2172 ut
297 2109 350 2175 ἐπὶ
371 2109 563 2194 πρύμνῃειν,
586 2109 696 2175 ἔνδοθι
718 2108 866 2190 πύργων,
890 2108 938 2173 ἐνὶ
960 2111 1046 2189 επῆι,
1075 2118 1105 2170 at
1128 2111 1164 2171 de
1190 2114 1299 2172 ceteris
1322 2113 1411 2182 locis,

243 2232 318 2294 quae
341 2220 465 2292 angusta
480 2233 539 2275 non
557 2221 634 2284 sunt,
651 2215 887 2292 praepositiones
902 2219 1015 2273 motum
1032 2213 1199 2274 indicantes
1214 2221 1411 2294 usurpantur,

243 2323 276 2377 ut
297 2317 336 2376 sit
364 2312 462 2380 εἴλειν
490 2317 521 2377 id
549 2316 629 2396 quod
658 2314 836 2394 compellere
859 2315 1015 2376 bominum
1043 2314 1264 2376 multitudinem
1292 2318 1324 2376 in
1353 2317 1410 2378 ali·

242 2436 332 2498 quem
354 2419 467 2479 locum:
498 2420 542 2478 sic
569 2420 599 2477 in
629 2416 775 2496 exemplis
802 2435 892 2496 supra
920 2416 1017 2478 allatis
1039 2415 1151 2476 dicitur
1178 2414 1222 2479 εἰ(
1250 2416 1411 2500 ποταμόν,

242 2518 322 2582 κατὰ
343 2517 463 2600 τείχεα,
486 2517 566 2580 κατὰ
589 2515 681 2598 doru,
705 2519 749 2578 sic
771 2519 803 2578 in
825 2520 997 2578 narratione
1020 2518 1109 2578 huius
1131 2519 1219 2596 fugae
1242 2521 1346 2599 ipsius,
1370 2521 1410 2580 de

241 2640 300 2701 qua
322 2621 378 2680 boc
401 2619 466 2681 loeo
489 2623 603 2697 agitur,
627 2619 712 2681 initio
734 2621 921 2700 insequentis
942 2619 1013 2680 libri
1037 2617 1063 2683 Χ
1087 2616 1127 2680 12
1148 2621 1289 2698 legimus:
1313 2620 1346 2684 οἳ
1368 2621 1410 2698 δή

242 2741 292 2786 τοι
314 2719 368 2785 εἰ(
390 2719 481 2784 doru
503 2718 600 2786 ἄλεν
623 2721 652 2782 h.
677 2739 703 2782 e.
727 2723 840 2782 iamin
864 2721 969 2782 urbem
998 2721 1143 2800 compulsi
1171 2730 1240 2783 sunt
1263 2721 1316 2801 (sie
1340 2726 1408 2785 sind

243 2825 335 2885 schon
363 2826 394 2884 in
423 2824 471 2884 die
494 2823 578 2884 Stadt
604 2823 742 2893 hinein·,
774 2820 1060 2901 zurichgedringt),
1091 2841 1150 2883 non
1178 2843 1236 2904 quo
1259 2824 1409 2888 urbstam

243 2932 367 3004 angusta
400 2927 452 2996 sit,
487 2933 520 2986 ut
552 2926 705 2986 bominum
733 2927 848 3005 copiam
877 2942 985 3004 capere
1018 2943 1078 2986 non
1114 2926 1222 3003 possit,
1256 2927 1309 2988 sed
1337 2929 1408 3006 quia

242 3026 442 3088 Troianorum
470 3029 603 3088 conferta
634 3027 792 3088 multitudo
822 3027 859 3087 ab
881 3025 1002 3088 Achivis
1029 3029 1061 3086 in
1090 3028 1191 3104 lugam
1219 3030 1354 3089 coniecta
1377 3038 1409 3090 et

241 3148 296 3209 per
317 3137 419 3210 portas
441 3132 473 3190 in
496 3129 601 3190 urbem
625 3129 776 3210 compulsa
799 3135 854 3189 est.
900 3128 941 3188 Ac
963 3136 1120 3208 praeterea
1143 3131 1211 3206 quis
1234 3132 1300 3190 iure
1323 3130 1408 3191 dire·

240 3234 294 3301 rit,
318 3240 430 3293 vastam
452 3231 533 3292 illam
556 3231 661 3292 urbam
684 3238 752 3311 post
774 3248 903 3310 pugnam
926 3230 1032 3290 iisdem
1056 3230 1217 3301 militibus,
1242 3248 1317 3308 quos
1338 3239 1407 3294 ante

240 3350 371 3412 pugnam
393 3336 472 3394 intra
495 3333 611 3394 moenia
639 3334 853 3402 continuisset,
882 3339 940 3393 tarn
970 3331 1112 3392 refertam
1134 3333 1242 3403 luisse,
1272 3340 1303 3394 ut
1325 3334 1407 3413 ipso·

240 3453 308 3495 rum
331 3435 489 3496 multitudo
511 3437 550 3495 iis
571 3434 785 3513 impedimento
809 3435 904 3494 esset?
932 3434 1113 3495 Praesertim
1143 3451 1213 3495 cum
1241 3453 1279 3495 ne
1303 3453 1408 3496 omnes

240 3535 377 3616 quidem,
406 3539 458 3615 qui
487 3536 523 3596 ad
550 3535 698 3615 proelium
721 3536 964 3597 committendum
987 3537 1139 3606 exierant,
1168 3538 1201 3596 in
1228 3536 1336 3597 urbem
1358 3547 1421 3597 re·'

241 3639 356 3707 dirent,
380 3637 622 3718 quandoquidem
645 3638 805 3717 permultis
827 3640 936 3700 occisis
957 3656 1101 3700 numerus
1123 3656 1226 3699 eorum
1248 3639 1407 3698 vehemen-

241 3747 288 3802 ter
310 3739 482 3801 deminutus
504 3748 578 3798 erat.

808 3907 838 3971 3.

326 4046 469 4126 Sequitur
491 4046 633 4126 deinceps
659 4045 818 4108 lectionum
847 4047 946 4126 copia,
975 4064 1048 4127 quas
1075 4052 1175 4108 utrum
1198 4046 1332 4108 Rhianus
1354 4066 1409 4108 suo

241 4149 333 4210 Marte
355 4155 386 4208 et
407 4146 602 4210 coniectando
623 4148 757 4209 inventas
779 4151 914 4229 posuerit
943 4167 980 4210 an
1002 4150 1174 4210 vetustioris
1194 4150 1322 4210 alicuius
1342 4151 1407 4210 edi-

240 4250 343 4321 tionis,
368 4249 443 4330 quae
459 4256 578 4312 enotata
593 4268 653 4312 non
669 4259 730 4321 est,
753 4251 810 4312 tide
827 4250 948 4321 ductus,
966 4249 1025 4312 alto
1040 4249 1268 4312 scholiastarum
1284 4251 1406 4312 silentio
