3124 4682
700 275 742 338 aa

134 485 222 527 suam
246 486 281 526 ex
312 485 327 528 c
349 462 370 525 9
392 468 534 542 sumpsit,
558 483 614 543 pro
638 482 710 543 vaga
732 463 782 524 illa
807 469 951 538 formula,
975 486 1063 548 quam
1086 469 1183 528 oratio
1206 470 1305 529 errius-

133 569 210 629 libet
233 569 402 646 argumenti
425 569 511 647 sequi
534 575 649 646 potest,
673 566 856 630 substituere
872 570 1012 630 maluisse
1034 569 1224 650 locutionem,
1248 589 1304 650 qua

134 689 196 751 quo
229 687 320 730 sensu
343 669 473 748 Neptuni
506 667 594 729 verba
625 667 703 728 dicta
733 678 847 741 essent,
883 674 983 732 statim
1006 670 1207 738 indicaretur;
1240 673 1306 750 ipse

136 791 207 833 vero
230 773 330 833 hausit
352 789 389 832 ex
411 769 440 834 Ψ
461 765 524 832 438
547 769 618 834 τὸν
646 768 708 833 καὶ
729 769 912 835 νεικείων
935 771 1083 850 προεέφη
1105 771 1221 836 ξανθὸε
1243 771 1306 836 Με-

134 872 274 953 νέλαος,
297 891 386 952 quem
409 890 528 933 versum
551 873 641 932 etiam
665 873 758 950 magis
786 875 920 935 imitatus
943 881 1003 944 est,
1033 877 1058 936 si
1082 875 1177 934 codici
1200 873 1306 934 'l'own-

134 977 235 1038 leiano
257 975 346 1037 tidem
369 975 480 1036 habere
503 973 587 1049 licet,
612 975 776 1036 secundum
798 995 886 1056 quem
909 975 1018 1054 legisse
1042 976 1159 1037 ridetur
1180 974 1240 1040 τὸν
1256 974 1306 1039 καί

135 1075 280 1144 νεικείων
313 1073 460 1154 προεέφη
494 1073 574 1138 ἔπεα
607 1073 793 1151 πτερόεντα.
838 1077 939 1138 Simile
974 1085 1020 1138 est
1052 1095 1155 1138 versus
1187 1079 1304 1139 initium

134 1199 154 1257 ρ
180 1176 221 1240 74
241 1177 311 1242 τὸν
335 1176 397 1240 καὶ
418 1175 571 1254 Πείραιοε
593 1175 751 1254 πρότεροι
773 1177 856 1255 πρὸε
878 1181 978 1256 μῦθον
1001 1175 1119 1242 ἔειπεν.
1157 1179 1306 1241 Particula

134 1292 236 1342 autem
258 1277 309 1341 καί
332 1277 404 1360 quid
433 1279 479 1340 his
508 1279 582 1340 locis
605 1278 712 1350 valeat,
747 1286 829 1340 recte
859 1280 1002 1341 indicavit
1026 1280 1225 1352 liuentzerus,
1254 1283 1305 1361 qui

134 1383 174 1444 ad
196 1380 227 1444 Ψ
247 1379 311 1444 438
334 1385 414 1443 inter
442 1399 473 1442 se
497 1383 607 1460 opponi
631 1379 705 1442 dixit
733 1387 763 1442 et
785 1381 1001 1443 adlocutionem
1029 1390 1060 1443 et
1083 1381 1204 1443 verbum
1226 1382 1305 1463 quod

134 1486 299 1546 antecessit
321 1481 472 1562 μεθέηκεν
497 1481 644 1548 ἐλαύνειν
669 1481 707 1562 (ν.
729 1479 818 1562 434);
842 1484 990 1546 consimili
1007 1485 1094 1546 modo
1116 1492 1219 1545 nostro
1240 1484 1305 1546 loco

134 1585 294 1666 Neptunus
316 1587 445 1646 Aeneam
468 1604 527 1645 non
551 1591 663 1646 tanturn
688 1586 866 1656 servavisse,
890 1586 942 1646 sed
965 1590 1077 1648 etiam
1100 1585 1304 1664 obiurgavisse

134 1689 260 1750 dicitur.
307 1687 445 1748 Ceterum
467 1686 668 1756 Duentzerus‚
692 1705 869 1767 quamquam
893 1685 1001 1752 Zenod.
1025 1707 1053 1767 p.
1079 1683 1141 1750 132
1156 1687 1305 1748 Zenodoto

133 1789 360 1852 assentiendum
383 1805 448 1849 esse
470 1789 640 1858 contendit,
665 1789 695 1848 id
717 1789 795 1868 quod
811 1787 950 1868 probavit
971 1795 1074 1868 postea
1097 1791 1186 1850 etiarn
1209 1789 1302 1849 Maur.

133 1892 320 1953 Schmidtius
335 1889 775 1952 ‘Aristarchisch-Homerische
791 1889 934 1951 Excurse’
951 1892 981 1950 in
998 1890 1184 1952 Fleckeiseni
1206 1891 1302 1952 annal.

134 1990 220 2055 1856
242 2013 271 2072 p.
289 1987 340 2061 89,
365 1992 515 2052 tamenin
540 1991 701 2052 editionem
725 2009 808 2052 suam
831 1993 966 2071 recipere
990 1993 1055 2052 eius
1070 1992 1226 2053 lectionem
1249 1991 1302 2052 du·

133 2095 249 2157 bitavit.

222 2193 248 2257 Ω
270 2191 323 2257 85.
369 2194 427 2256 lris
450 2214 465 2256 a
494 2195 562 2254 love
590 2195 627 2256 ad
651 2194 807 2256 Tirotidem
831 2198 919 2256 missa
948 2198 979 2256 in
1002 2196 1149 2276 frequenti
1179 2187 1355 2255 dearumlll

133 2299 355 2360 maritimarum
378 2303 466 2358 coetu
489 2315 554 2357 eam
570 2295 693 2356 Achillis
715 2297 766 2357 filii
790 2298 882 2357 latum
907 2296 1064 2358 dellentem
1089 2298 1218 2357 invenit:

746 2396 765 2474 ἡ
789 2396 823 2460 δ’
845 2395 892 2460 ἐνὶ
914 2396 1024 2481 μέεεῃε

264 2500 353 2564 κλαῖε
374 2497 476 2576 μόρον
501 2495 540 2562 od
563 2499 679 2562 unroco
703 2497 868 2578 ἀμύμονα(
876 2547 885 2580 ,
908 2497 953 2562 dc·
973 2497 1010 2562 ol
1033 2497 1198 2577 ἔμελλεν

263 2599 407 2680 φθίεεεθ
429 2599 464 2664 ἐν
487 2599 584 2683 Τροίῃ
607 2599 790 2680 ἐριβώλακι,
818 2599 927 2678 τηλόθι
949 2598 1078 2678 πάτρης.

131 2705 235 2769 Schoi.
258 2702 293 2768 ἐν
316 2707 354 2783 τῇ
377 2701 456 2766 κατὰ
478 2700 605 2765 Ῥιανόν
630 2701 673 2766 ὃε
695 2700 780 2780 τάχ’
802 2701 977 2779 ἔμελλεν.
1000 2703 1033 2762 Α.
1059 2702 1160 2763 Primo
1182 2709 1303 2782 aspectu

132 2810 263 2870 tortasse
298 2804 465 2866 credideris
498 2793 644 2865 Rhianum
679 2811 712 2865 nt
741 2824 757 2864 a
786 2806 936 2884 scriptura
964 2803 1111 2864 tralaticia
1137 2803 1302 2875 recederet,

131 2913 222 2975 hiatu
250 2907 409 2969 adductum
441 2923 524 2974 esse,
553 2905 603 2984 qui
627 2913 672 2966 est
694 2908 774 2966 inter
803 2903 834 2968 οἱ
862 2913 892 2965 et
914 2902 1026 2983 ἔμελλε
1048 2938 1089 2947 -
1118 2903 1155 2965 de
1183 2924 1241 2985 qua
1269 2924 1303 2966 re

132 3013 189 3074 clr.
215 3009 237 3072 l.
259 3008 300 3070 La
322 3007 429 3068 Roohii
456 3005 577 3068 libellus
607 2992 784 3067 ‘riherden
814 3005 920 3068 Hiatus
947 3006 1006 3066 und
1035 3004 1085 3066 die
1107 3003 1222 3066 Elision
1244 3015 1300 3068 oct.

133 3116 184 3177 hei
208 3112 333 3180 Homer,
363 3109 450 3169 Wien
475 3104 569 3170 1860’
592 3129 621 3188 p.
644 3105 687 3168 24
707 3143 763 3177 -,
794 3107 844 3168 sed
876 3107 949 3168 mihi
975 3105 1094 3187 quidem
1117 3108 1211 3185 magis
1232 3125 1302 3186 pro-

133 3219 238 3284 batur,
274 3231 341 3274 eum
370 3213 535 3272 sententiae
563 3211 654 3272 huius
681 3211 739 3270 loci
769 3227 945 3270 succurrere
979 3227 1103 3288 eamque
1136 3207 1245 3270 melius
1272 3218 1303 3271 et

132 3321 233 3399 aptius
255 3315 425 3396 exprimere
447 3329 534 3390 posse
557 3311 616 3372 sibi
640 3314 735 3372 visum
758 3329 832 3371 esse.
878 3309 980 3390 Neque
1004 3311 1084 3372 enim
1108 3311 1176 3373 ideo
1198 3310 1303 3374 Thetis

131 3423 285 3488 lacrimat,
309 3414 386 3496 quod
410 3413 502 3475 lilium
525 3431 610 3474 suum
641 3413 676 3474 ad
700 3413 821 3474 Troiam
849 3412 954 3493 procul
977 3431 993 3472 a
1016 3413 1111 3491 patria
1133 3415 1301 3492 periturum

132 3541 199 3584 esse
223 3521 328 3587 sentim
358 3517 528 3597 quodcum
557 3517 614 3575 iam
637 3515 730 3575 multo
758 3521 826 3578 ante
855 3517 962 3585 sciret,
991 3533 1081 3594 quam
1107 3515 1163 3575 hoc
1192 3513 1302 3576 bellum

131 3625 353 3702 susciperetur,
378 3621 436 3679 iam
460 3617 571 3678 dudum
595 3616 751 3694 deplorare
779 3624 896 3695 poterat
923 3624 1142 3694 praematuram
1165 3623 1301 3686 mortem,

132 3743 223 3807 quam
255 3721 384 3784 achilles
416 3718 574 3780 subiturus
607 3728 685 3786 erat:
723 3719 775 3778 sed
814 3738 882 3780 cum
921 3719 1066 3780 decimo
1103 3736 1196 3778 anno
1230 3717 1301 3778 belli

132 3829 294 3890 Hectore
323 3823 450 3882 occiso
478 3819 599 3880 Troiam
628 3839 706 3880 mox
733 3821 912 3880 exstinctum
949 3822 988 3880 iri
1016 3819 1093 3880 haud
1124 3821 1243 3897 ignoret
1272 3829 1302 3880 et

133 3944 307 4009 supremum
341 3923 421 3983 diem
447 3921 509 3982 filio
543 3939 657 4000 prope
692 3922 842 3982 instare
877 3923 975 3982 animo
998 3923 1182 4001 praesagiat,
1218 3927 1299 3982 tanta

133 4029 283 4093 maestitia
322 4024 432 4086 aillicta
477 4031 541 4092 est,
582 4029 615 4082 ut
651 4023 801 4092 funestum
839 4020 912 4083 illud
958 4032 1074 4102 tempus
1111 4023 1298 4092 lamentetur,

133 4153 195 4216 quo
229 4126 334 4190 Achilli
362 4145 378 4186 e
412 4128 470 4186 vita
505 4124 718 4186 discedendum
751 4126 818 4185 erit.
871 4124 953 4212 Hanc
986 4125 1078 4202 igitur
1110 4122 1148 4182 ob
1180 4141 1298 4184 causam

134 4233 219 4315 τάχα
241 4227 328 4310 (mox)
353 4226 488 4310 scripsit,
519 4233 619 4308 utpote
642 4244 700 4307 quo
733 4227 886 4308 aptissime
920 4223 1133 4306 explicaretur,
1167 4242 1221 4288 cur
1244 4225 1300 4285 lroc
