3124 4682
651 289 801 386 „2:⁹3-

137 481 265 560 proprio
287 499 402 542 servam
424 480 639 541 cubiculariam
661 479 781 540 indicat.
826 479 864 540 Ut
884 479 1030 540 Homerus
1059 478 1085 542 Ο
1107 477 1180 542 444.
1207 501 1233 560 φ
1258 479 1306 542 12.

136 579 181 643 60
203 580 369 659 φαρέτρην
392 579 539 661 ἰοδόκον,
564 584 607 641 sic
629 581 763 642 Rhianus
777 578 873 646 τόξον
897 579 1028 658 ἰοβόλον
1044 579 1073 651 i,
1098 581 1114 641 1
1136 579 1305 662 appellavit,

137 683 266 762 ethaeo
289 684 435 744 salutandi
464 683 591 744 formula
606 679 672 752 4,5
694 680 804 758 τηλόθι
825 700 878 758 μοι
900 679 984 758 μάλα
1006 684 1097 759 χαῖρε
1120 703 1154 744 ex
1178 684 1229 744 illo
1252 685 1306 744 llu-

137 787 196 844 xit:
226 786 282 844 cl'r.
309 782 339 845 Ψ
369 781 503 844 19179
530 781 643 860 χαῖρέ
671 801 751 863 μοι,
779 779 806 842 ὦ
834 780 1017 860 Πάτροκλε,
1052 781 1155 845 0413
1184 784 1235 848 καὶ
1257 783 1304 860 td,

136 883 251 965 φίλοι,
281 881 382 962 μάλα
410 885 540 964 χαῖρε,
568 901 587 946 ν
615 880 666 944 59.
697 902 723 945 ιο
754 879 824 943 102.
870 883 1003 964 [lenique
1037 883 1082 946 δι’
1116 882 1305 962 ἀτραπιτοῖο

135 985 238 1049 κιόντι
258 984 288 1056 4,
315 985 331 1046 1
356 987 433 1047 haud
456 987 543 1047 aliter
566 985 678 1046 dictum
708 993 755 1044 ost
783 993 871 1065 atque
899 983 953 1048 διὰ
980 983 1080 1062 νήεου
1108 984 1166 1050 ἰών
1189 1007 1210 1065 μ
1232 984 1304 1058 335,

135 1086 191 1152 διὰ
212 1086 292 1165 vnde
315 1086 373 1151 ἰών
396 1108 417 1165 μ
438 1084 510 1149 206.

221 1747 282 1806 lloo
311 1747 431 1826 quidem
461 1746 627 1806 studiorum
652 1743 878 1806 Homericorum
901 1763 1009 1822 genus,
1040 1747 1118 1825 quod
1142 1749 1229 1808 modo
1252 1750 1302 1810 ad·

130 1849 286 1916 umbravi,
311 1855 428 1927 poetam
450 1849 639 1926 potissimum
661 1846 775 1924 prodit,
804 1849 855 1925 qui
877 1845 953 1907 nihil
977 1849 1129 1926 antiquius
1151 1849 1300 1919 habuerit,

129 1970 222 2032 quam
250 1957 284 2010 ut
312 1967 395 2010 suam
424 1949 622 2027 eloquentiam
652 1947 688 2007 ad
718 1965 865 2008 summum
894 1955 1046 2008 auctorem
1075 1951 1153 2028 epici
1182 1951 1300 2013 dicendi

129 2055 255 2131 generis
278 2050 492 2111 conformaret:
516 2065 595 2110 nuno
610 2057 797 2109 transeamus
819 2049 855 2108 ad
876 2049 973 2108 studia
998 2067 1047 2118 ea,
1071 2051 1181 2129 quibus
1202 2070 1300 2130 gram·

130 2156 274 2215 malicum
309 2160 338 2212 et
366 2153 504 2212 criticum
536 2168 567 2210 se
596 2152 755 2229 praestitit.
800 2149 962 2230 Frequenti
996 2152 1077 2210 enim
1106 2161 1135 2213 et
1163 2162 1300 2216 accurata

128 2255 255 2316 Homeri
283 2253 411 2314 lectione
440 2271 475 2312 eo
504 2251 649 2312 adductus
671 2258 731 2320 est,
762 2259 795 2310 ut
815 2284 859 2295 -
885 2253 917 2311 in
945 2251 1000 2311 hac
1028 2271 1145 2333 quoque
1174 2273 1207 2314 re
1236 2259 1299 2316 aevi

128 2359 178 2418 sui
209 2355 455 2415 consuetudinem
484 2361 513 2412 et
541 2355 687 2414 rationem
723 2360 843 2412 secutus
871 2386 911 2395 —
939 2360 1054 2414 textum
1083 2358 1206 2416 vetustis
1233 2375 1299 2417 cor·

128 2457 258 2538 ruptelis
280 2458 414 2516 vitiatum
438 2455 599 2515 emendare
628 2461 801 2523 conaretur,
830 2456 878 2514 cui
909 2457 1029 2532 negotio
1057 2463 1116 2516 tam
1140 2457 1300 2536 diligenter

128 2577 256 2637 operam
279 2555 376 2626 dedit,
406 2565 439 2617 ut
469 2563 536 2636 post
558 2553 784 2636 Zenodotum¹⁶l
813 2558 928 2634 primus
957 2571 1060 2619 novam
1092 2562 1298 2621 recensionem

128 2664 193 2721 sive
223 2655 390 2734 διόρθωιιν
419 2659 589 2718 conficeret.
641 2657 690 2717 Sic
724 2659 804 2717 enim
833 2664 972 2718 constans
999 2659 1225 2721 scholiastarum
1255 2663 1298 2722 di-

127 2762 218 2822 cendi
243 2778 314 2819 usus
337 2759 479 2838 explicari
502 2757 587 2819 iubet
608 2759 753 2819 lectiones
775 2760 895 2837 saepius
917 2761 948 2818 iu
972 2760 1094 2820 scholiis
1116 2761 1222 2822 Rhiani
1245 2782 1297 2823 no-

128 2865 211 2924 rnine
235 2861 417 2938 significatas
439 2869 468 2920 et
491 2861 655 2922 locutiones
678 2860 744 2921 illas
765 2859 784 2936 ἡ
808 2857 936 2923 Ῥιανοῦ
965 2867 995 2920 et
1016 2859 1036 2938 ἡ
1059 2860 1138 2924 κατὰ
1160 2861 1297 2946 Ῥιανόν,

126 2983 205 3044 quae
240 2965 272 3022 in
306 2962 426 3022 scholiis
459 2961 495 3022 ad
523 2958 619 3022 Α97.
644 2958 707 3024 553
738 2969 769 3022 et
796 2961 832 3021 ad
860 2957 959 3022 5285.
993 2980 1015 3024 α
1036 2959 1092 3032 95,
1126 2964 1199 3024 locis
1231 2966 1297 3026 aliis

126 3067 280 3142 leguntur.

215 3165 279 3225 Duo
301 3171 400 3224 autem
424 3171 540 3224 exstant
562 3164 687 3233 scholia,
717 3182 753 3224 ex
781 3163 891 3244 quihus
918 3163 992 3223 duas
1014 3164 1059 3223 vel
1082 3166 1171 3224 etiam
1194 3166 1296 3244 plures

125 3269 324 3327 recensiones
352 3285 366 3324 a
395 3265 510 3324 Rhiano
544 3273 663 3344 paratas
694 3283 759 3325 esse
794 3265 880 3325 lacile
910 3267 978 3343 quis
1006 3265 1125 3324 ellioere
1153 3271 1294 3346 potuerit,

127 3369 306 3449 praesertim
331 3385 397 3426 cum
421 3367 622 3426 Aristarchum
647 3385 763 3446 quoque
787 3365 935 3444 duplicem
959 3369 1165 3428 recensionem
1188 3369 1295 3431 iecisse

126 3464 314 3542 sciamus¹⁷)
358 3467 485 3528 Pluralis
507 3470 587 3528 enim
610 3485 752 3528 numerus
774 3471 888 3546 positus
916 3477 962 3527 ost
984 3467 1074 3528 schol.
1099 3468 1135 3528 ad
1158 3489 1178 3544 γ
1200 3468 1242 3530 24
1265 3471 1296 3535 οἱ

124 3569 206 3633 κατὰ
228 3565 373 3647 Ῥιανόν,
396 3569 447 3629 uhi
471 3569 631 3629 Mauricius
654 3569 837 3629 Schmidtius
853 3568 970 3648 Didymi
993 3589 1022 3648 p.
1048 3565 1109 3631 189
1131 3567 1163 3631 αἱ
1185 3590 1239 3649 pro
1263 3571 1295 3635 oi

124 3673 276 3751 reposuit,
301 3678 331 3730 et
353 3669 445 3730 schol.
469 3671 505 3730 ad
526 3687 546 3742 γ
571 3665 631 3731 178
654 3667 686 3730 αἱ
703 3661 835 3734 Ῥιανοῦ
857 3667 1028 3749 γράφοντι.
1052 3670 1234 3753 Quamquam
1258 3675 1295 3735 de

197 3923 239 3986 16)
256 3919 381 3974 Primum
399 3935 462 3973 eum
482 3918 539 3972 dixi
557 3921 622 3989 post
634 3919 808 3974 Zenodotum
826 3919 922 3974 iecisse
936 3919 1101 3988 editionem,
1120 3921 1187 3989 quio
1203 3941 1293 3991 neque

123 4003 343 4060 Eratosthenem
361 4020 450 4071 neque
463 4003 641 4070 Apollonium
653 4003 805 4070 Rhodium,
825 4003 873 4071 qui
890 4003 964 4059 inter
976 4005 1150 4060 Zenodotum
1168 4009 1197 4061 et
1208 4007 1291 4063 Rhia-

123 4107 193 4143 num
210 4087 399 4156 intereodunt‚
418 4087 554 4142 editiones
572 4087 723 4142 coniecisse
742 4089 860 4142 constat.

196 4175 240 4240 17)
259 4169 320 4226 Ηοο
338 4171 421 4226 evicit
438 4171 599 4226 Lehreius
616 4171 698 4226 Arist.
717 4191 745 4242 p.
763 4179 795 4226 27
816 4173 870 4240 (ed.
889 4175 942 4242 pr.)
965 4173 1063 4227 contre
1080 4173 1225 4243 Wolfium,
1244 4178 1292 4246 qui

123 4257 236 4327 proleg.
254 4273 283 4327 p.
302 4262 352 4312 237
370 4258 533 4326 negaverat.
570 4255 625 4311 Cfr.
645 4256 846 4326 Sengebucohii
864 4256 945 4310 Hom.
965 4255 1030 4311 diss.
1048 4256 1062 4310 Ι
1078 4275 1106 4328 p.
1124 4264 1165 4313 25.
