3124 4682
270 487 322 547 ille
345 488 458 565 primas
472 493 573 564 partes
588 491 704 564 agerem
721 485 777 544 hoc
793 486 872 544 enim
888 483 985 562 planis
1005 481 1105 542 verbis
1126 482 1258 545 declarat
1272 485 1438 548 Pausanias

270 587 307 648 lV
334 584 368 656 6,
398 584 433 648 3:
476 585 603 677 Ῥιανῷο
619 584 655 648 δὲ
684 583 719 648 ἐν
748 586 818 647 cot<
846 581 951 647 έπεειν
980 580 1076 648 οὐδὲν
1104 581 1323 664 Ἀριττομένηε
1352 585 1437 651 ἑετὶν

269 685 489 766 ἀφανέττεροτ
510 685 530 762 ἢ
553 683 714 762 Ἀχιλλεὺς
737 682 772 748 ἐν
794 682 898 747 Ἰλιάδι
920 682 1057 766 Ὁμήρῳ.
1102 685 1197 746 Etiam
1214 689 1329 766 singula
1345 689 1437 750 multa

269 789 306 850 ad
329 789 481 867 exemplar
503 788 626 848 Homeri
649 788 768 847 linxisse
790 786 939 866 putandus
961 796 1020 855 est,
1046 794 1077 847 ut
1099 786 1215 849 Saalius
1237 808 1265 868 p.
1289 785 1332 849 24
1353 799 1437 851 recte

270 892 385 950 monuit
400 890 615 949 ‘narrationem
639 889 675 948 de
697 888 856 948 immolatis
876 884 1124 965 ἑκατομφονίοιε
1146 889 1183 948 ob
1200 892 1314 950 occisos
1336 891 1439 952 hostes
1549 875 1551 886 ¹

269 1009 393 1070 prorsus
415 991 451 1051 ad
474 992 670 1051 imitationem
692 989 814 1050 Achillis
835 991 865 1049 in
889 991 994 1050 lunere
1015 989 1142 1050 Patrocli
1166 989 1209 1069 (ll.
1227 991 1331 1071 XXlll)
1356 1011 1437 1052 com-

269 1095 395 1171 positam
426 1091 533 1152 videri'
570 1099 600 1152 et
628 1091 789 1151 Pausaniae
817 1091 916 1152 locum
944 1091 981 1151 lV
1009 1089 1066 1161 21,
1089 1089 1124 1161 3,
1155 1092 1206 1152 ubi
1234 1093 1437 1154 Aristomenes

270 1200 299 1253 et
321 1193 468 1254 Theoclus
491 1203 588 1262 vates,
612 1211 789 1272 quamquam
811 1192 966 1252 Messeniis
989 1194 1153 1272 perniciem
1182 1193 1260 1254 nulla
1284 1212 1366 1254 mora
1389 1197 1435 1254 in·

268 1296 410 1374 terposita
434 1297 546 1355 instare
571 1292 721 1364 sciebant,
746 1301 844 1353 tamen
868 1312 991 1354 suorum
1014 1313 1105 1354 unum
1121 1313 1269 1374 quemque
1285 1293 1436 1355 adhortati

269 1414 335 1456 esse
351 1403 528 1464 narrantur,
545 1394 674 1454 similem
690 1413 756 1455 csse
771 1394 930 1454 Homerico
946 1393 1009 1454 loco
1024 1392 1056 1455 Δ
1070 1391 1148 1465 23],
1165 1394 1217 1455 ubi
1233 1399 1435 1473 Agamemnon

270 1497 377 1556 Danais
398 1495 500 1556 verbis
528 1497 590 1555 suis
618 1497 750 1556 animum
772 1493 920 1554 addidisse
950 1492 1114 1573 dicitur.¹³)
1158 1499 1199 1557 Ac
1222 1496 1294 1558 deos
1315 1517 1434 1578 quoqne

268 1597 427 1657 Homerico
456 1616 538 1657 more
566 1599 651 1657 finxit
679 1615 779 1657 rerum
809 1597 1004 1670 humanarum
1034 1615 1135 1656 curam
1165 1606 1317 1674 gerentes,
1347 1599 1434 1660 modo

269 1697 379 1758 auxilio
402 1699 584 1759 Aristomeni
607 1699 682 1768 lato,
713 1705 744 1759 ut
765 1699 851 1758 Paus.
875 1699 894 1758 l.
918 1698 937 1758 l.
963 1694 1017 1767 18,
1040 1695 1071 1758 5.
1095 1695 1128 1768 7,
1159 1699 1245 1759 modo
1268 1700 1434 1760 calamitate

269 1801 377 1866 missa,
412 1806 445 1859 ut
466 1795 523 1869 21,
548 1797 582 1868 7,
616 1798 668 1859 ubi
702 1802 802 1876 magni
835 1807 865 1858 et
892 1800 1004 1860 assidui
1025 1798 1139 1859 imbres
1161 1799 1317 1861 Messeniis
1340 1803 1434 1862 exitio

269 1907 355 1968 sunt;
380 1907 410 1959 et
432 1896 574 1976 iragm.4
595 1896 697 1976 αὐδὴν
714 1897 877 1975 εἰεάμενοτ
892 1897 1034 1976 Δωτηίδι
1051 1898 1232 1982 Νικοτελείῃ
1255 1904 1320 1962 sine
1343 1902 1434 1963 dubio

269 2001 304 2061 ad
329 2001 417 2060 deum
439 2003 586 2080 pertinet,
609 2003 661 2080 qui
684 2009 800 2080 sumpta
823 2003 923 2079 specie
946 2000 1128 2070 Nicoteleae,
1152 2004 1349 2062 Aristomenis
1371 2023 1433 2064 ma-

269 2104 337 2171 tris,
368 2101 457 2162 alicui
481 2135 522 2146 —
544 2121 600 2181 per
628 2102 773 2162 somnium
802 2103 927 2162 sortasse
950 2102 1150 2181 —apparuit
1178 2109 1207 2162 ct
1234 2103 1350 2164 locutus
1379 2113 1433 2164 est.

269 2203 386 2263 Pariter
408 2209 496 2282 atque
520 2202 666 2264 Homerus
694 2204 754 2263 lato
784 2209 813 2262 et
836 2203 918 2263 dirae
947 2205 1116 2262 necessitati
1145 2203 1299 2264 hominum
1322 2213 1433 2266 sortem

269 2303 425 2366 obnoxiam
449 2323 514 2365 esse
537 2305 696 2373 indicavit,
721 2323 789 2364 nam
812 2305 931 2382 saepius
945 2304 1107 2364 Pausanias
1129 2306 1227 2383 posuit
1242 2306 1433 2373 Homericum

269 2405 342 2466 illud
365 2405 489 2466 verbum
512 2401 727 2481 πεπρωμένον
755 2422 791 2464 ex
814 2403 929 2464 libiano
952 2403 1029 2464 lraud
1053 2405 1143 2466 dubie
1166 2409 1305 2468 ascitum:
1331 2405 1379 2476 18,
1404 2407 1433 2469 6.

267 2503 324 2576 20,
351 2505 378 2566 1.
394 2504 445 2575 21,
469 2503 489 2566 6
511 2505 684 2584 ibidemque
703 2502 743 2565 10
760 2504 906 2565 Theoclus
922 2512 1002 2566 vates
1018 2507 1105 2566 dicit:
1129 2505 1251 2570 ἁλῶναι
1268 2508 1434 2587 Μεεεήνην

267 2605 398 2670 πάντωε
420 2604 481 2669 έετὶ
503 2605 735 2687 πεπρωμένον,
764 2625 838 2685 quae
862 2605 981 2685 quidem
1004 2607 1094 2668 rerba
1116 2609 1256 2669 facillime
1272 2619 1380 2670 coeunt
1402 2614 1434 2672 in

267 2709 474 2770 hexametrum
497 2708 590 2768 hunc:
616 2707 783 2785 Μεετήνην
806 2705 936 2770 πάντωτ
958 2707 1173 2787 πεπρωμένον
1195 2707 1277 2774 ἐετὶν
1300 2708 1433 2775 ἁλῶναι.

268 2811 419 2871 Nocturna
444 2810 641 2870 Aristomenis
665 2812 695 2870 in
719 2817 815 2870 castra
838 2810 1140 2871 Lacedaemoniorum
1163 2813 1289 2891 irruptio
1314 2811 1374 2889 (19,
1390 2811 1432 2894 2),

245 2928 324 2988 vqua
348 2911 439 2971 duces
461 2919 491 2972 et
513 2912 624 2972 milites
639 2911 801 2990 permultos
823 2912 976 2972 interiecit
999 2919 1029 2972 et
1050 2914 1234 2990 praetorium
1256 2912 1434 2975 tabernacu-

267 3013 328 3074 lum
356 3014 471 3092 rapuit,
502 3021 583 3073 certe
612 3011 717 3072 habuit
745 3013 840 3073 simile
875 3012 946 3088 quid
980 3012 1082 3072 lliadis
1108 3011 1186 3073 libro
1215 3014 1344 3086 decimo,
1374 3035 1435 3096 quo

267 3114 365 3176 Vlixes
393 3122 423 3175 et
450 3115 609 3175 Diomedes
637 3121 726 3175 noctu
754 3113 886 3174 Rhesum
914 3115 1097 3192 oppressisse
1113 3116 1235 3194 eiusque
1265 3135 1357 3196 equos
1385 3137 1434 3178 ra·
1548 3117 1549 3134 ,

267 3218 367 3294 puisse
391 3223 563 3276 narrantur.
609 3217 825 3276 Aristomenem
849 3215 947 3293 lapide
976 3234 1151 3294 percussum
1180 3224 1209 3276 et
1237 3217 1274 3277 ab
1296 3218 1436 3280 hostibus

268 3325 384 3394 captum
413 3317 545 3379 Rhianus
573 3335 668 3396 paene
698 3315 802 3376 eodem
832 3317 919 3376 modo
947 3335 1005 3396 quo
1033 3317 1180 3377 Homerus
1208 3317 1367 3379 Hectorem
1395 3321 1434 3381 ab

268 3420 356 3478 Aiace
379 3418 476 3497 lapide
498 3419 673 3496 gravissime
697 3418 883 3477 vulneratum
908 3418 1082 3497 descripsit:
1107 3419 1173 3479 vide
1196 3429 1304 3498 quanta
1327 3424 1365 3482 sit
1393 3426 1434 3483 si·

267 3517 405 3579 mititudo
432 3518 534 3579 vorbis
561 3518 683 3579 Homeri
716 3515 829 3578 Ξ409
862 3517 920 3581 τὸν
950 3519 1007 3596 μὲν
1035 3517 1138 3582 ἔπειτ’
1166 3518 1303 3585 ἀπιόντα
1335 3521 1435 3601 μέγα(

337 3740 379 3800 13)
398 3733 551 3788 Pausanias
568 3733 638 3788 haec
655 3735 765 3789 narrat:
795 3735 925 3789 ἐπιόντες
951 3735 1054 3802 δὲτὴν
1077 3736 1162 3790 πόλιν
1189 3740 1294 3807 απουδῇ
1314 3742 1359 3793 καλ
1378 3741 1435 3796 ἐπὶ

268 3819 403 3874 πάντα(
430 3820 613 3886 ἐρχόμενοι
640 3825 699 3874 τοῖς
725 3835 757 3872 τε
784 3820 1011 3884 ἐντυγχάνουαν,
1040 3820 1129 3874 ὁπότε
1152 3820 1329 3877 αἰτθάνοιντο
1348 3825 1435 3881 ὄντα(

269 3904 454 3972 Μεετηνίουε,
474 3905 701 3972 παρεκελεύοντο
720 3906 823 3970 ἄνδρα(
841 3904 965 3968 ἀγαθοὺς
977 3903 1050 3956 εῖναι
1068 3906 1113 3956 καλ
1132 3905 1163 3958 ἐκ
1175 3910 1239 3974 τωνΙ
1254 3907 1352 3961 οἰκιῶν
1370 3909 1435 3964 dve-

267 3990 373 4043 κάλουν
390 3990 458 4043 τοὺ(
476 3990 518 4042 ἔτι
537 3989 789 4053 ὑπολειπομένους.
825 3986 940 4041 Homeri
963 3989 1058 4039 autem
1080 3988 1167 4042 verba
1189 3993 1254 4043 sunt
1271 3991 1354 4045 haec:
1385 3995 1434 4047 αιί-

267 4075 321 4141 τὰρ
339 4074 452 4128 ὁπεζόε
470 4075 528 4128 ἐὼν
546 4074 770 4126 ἐπεπωλεῖτο
789 4073 908 4137 (τλχατ
930 4072 1078 4137 ἀνδρῶν·
1102 4074 1148 4127 καλ
1166 4076 1195 4141 ῥ’
1213 4075 1262 4129 οὓ(
1281 4077 1333 4141 μὲν
1350 4081 1433 4132 (πεύ-
1546 4069 1547 4084 ’

268 4161 371 4214 δοντα(
397 4159 451 4212 ἴδοι
468 4161 593 4214 Δαναῶν
619 4157 814 4224 ταχυπώλων,
841 4157 909 4209 τοὺς
936 4155 1010 4221 μάλα
1036 4157 1203 4222 θαρεύνεεκε
1227 4163 1433 4227 παριττάμενοε

267 4245 383 4298 ἐπέεεει.
