<?xml version="1.0" encoding="UTF-8"?>
<!DOCTYPE html PUBLIC "-//W3C//DTD XHTML 1.0 Transitional//EN"
    "http://www.w3.org/TR/xhtml1/DTD/xhtml1-transitional.dtd">
<html xmlns="http://www.w3.org/1999/xhtml" xml:lang="en" lang="en">
 <head>
  <title>
</title>
<meta http-equiv="Content-Type" content="text/html;charset=utf-8" />
  <meta name='ocr-system' content='tesseract 3.04.00' />
  <meta name='ocr-capabilities' content='ocr_page ocr_carea ocr_par ocr_line ocrx_word'/>
</head>
<body>
  <div class='ocr_page' id='page_1' title='image "./derhianicretens01mayhgoog_0069.png"; bbox 0 0 3124 4682; ppageno 0'>
   <div class='ocr_carea' id='block_1_1' title="bbox 809 297 893 392">
    <p class='ocr_par' dir='ltr' id='par_1_1' title="bbox 809 297 893 392">
     <span class='ocr_line' id='line_1_1' title="bbox 809 297 893 392; baseline 0 0"><span class='ocrx_word' id='word_1_1' title='bbox 809 297 893 392; x_wconf 67' lang='grc' dir='ltr'><strong>ω.-</strong></span> 
     </span>
    </p>
   </div>
   <div class='ocr_carea' id='block_1_2' title="bbox 199 483 1419 3921">
    <p class='ocr_par' dir='ltr' id='par_1_2' title="bbox 199 483 1419 3921">
     <span class='ocr_line' id='line_1_2' title="bbox 254 483 1416 565; baseline 0.001 -19"><span class='ocrx_word' id='word_1_2' title='bbox 254 487 391 565; x_wconf 76' lang='grc' dir='ltr'>ΙΙοκμτΙύί</span> <span class='ocrx_word' id='word_1_3' title='bbox 408 487 535 562; x_wconf 80' lang='lat' dir='ltr'><strong>glossam</strong></span> <span class='ocrx_word' id='word_1_4' title='bbox 551 483 712 549; x_wconf 79' lang='grc' dir='ltr'>ὀτεᾱτθαι·</span> <span class='ocrx_word' id='word_1_5' title='bbox 735 483 976 563; x_wconf 82' lang='grc' dir='ltr'>κληδονίταεθοι</span> <span class='ocrx_word' id='word_1_6' title='bbox 992 493 1073 545; x_wconf 86' lang='lat' dir='ltr'><strong>reete</strong></span> <span class='ocrx_word' id='word_1_7' title='bbox 1089 505 1229 546; x_wconf 75' lang='lat' dir='ltr'><strong>revocare</strong></span> <span class='ocrx_word' id='word_1_8' title='bbox 1252 485 1311 546; x_wconf 90' lang='lat' dir='ltr'><strong>sibi</strong></span> <span class='ocrx_word' id='word_1_9' title='bbox 1335 489 1416 547; x_wconf 85' lang='lat' dir='ltr'><strong>risus</strong></span> 
     </span>
     <span class='ocr_line' id='line_1_3' title="bbox 250 586 1415 666; baseline 0.001 -19"><span class='ocrx_word' id='word_1_10' title='bbox 250 595 304 648; x_wconf 87' lang='lat' dir='ltr'><strong>est.</strong></span> <span class='ocrx_word' id='word_1_11' title='bbox 349 587 386 648; x_wconf 84' lang='lat' dir='ltr'><strong>Et</strong></span> <span class='ocrx_word' id='word_1_12' title='bbox 409 587 543 666; x_wconf 88' lang='lat' dir='ltr'><strong>proiecto</strong></span> <span class='ocrx_word' id='word_1_13' title='bbox 557 586 798 664; x_wconf 82' lang='grc' dir='ltr'>κληδονίεατθαι</span> <span class='ocrx_word' id='word_1_14' title='bbox 819 586 892 647; x_wconf 91' lang='lat' dir='ltr'><strong>illud</strong></span> <span class='ocrx_word' id='word_1_15' title='bbox 915 590 1034 664; x_wconf 82' lang='lat' dir='ltr'><strong>egregie</strong></span> <span class='ocrx_word' id='word_1_16' title='bbox 1050 589 1189 664; x_wconf 88' lang='lat' dir='ltr'><strong>congruit</strong></span> <span class='ocrx_word' id='word_1_17' title='bbox 1210 605 1279 647; x_wconf 91' lang='lat' dir='ltr'><strong>cum</strong></span> <span class='ocrx_word' id='word_1_18' title='bbox 1296 587 1415 666; x_wconf 84' lang='lat' dir='ltr'>Didymi</span> 
     </span>
     <span class='ocr_line' id='line_1_4' title="bbox 250 686 1416 768; baseline 0.003 -19"><span class='ocrx_word' id='word_1_19' title='bbox 250 691 513 768; x_wconf 72' lang='lat' dir='ltr'><strong>interpretatione,</strong></span> <span class='ocrx_word' id='word_1_20' title='bbox 537 689 589 748; x_wconf 91' lang='lat' dir='ltr'><strong>sed</strong></span> <span class='ocrx_word' id='word_1_21' title='bbox 611 691 723 749; x_wconf 90' lang='lat' dir='ltr'><strong>irustra</strong></span> <span class='ocrx_word' id='word_1_22' title='bbox 747 707 888 768; x_wconf 78' lang='lat' dir='ltr'><strong>quaeras,</strong></span> <span class='ocrx_word' id='word_1_23' title='bbox 917 690 969 767; x_wconf 83' lang='lat' dir='ltr'><strong>qui</strong></span> <span class='ocrx_word' id='word_1_24' title='bbox 992 690 1056 748; x_wconf 88' lang='lat' dir='ltr'><strong>lieri</strong></span> <span class='ocrx_word' id='word_1_25' title='bbox 1080 690 1189 767; x_wconf 80' lang='lat' dir='ltr'><strong>possit,</strong></span> <span class='ocrx_word' id='word_1_26' title='bbox 1218 697 1250 749; x_wconf 94' lang='lat' dir='ltr'><strong>ut</strong></span> <span class='ocrx_word' id='word_1_27' title='bbox 1278 686 1416 752; x_wconf 81' lang='grc' dir='ltr'>ὄεεαντο</span> 
     </span>
     <span class='ocr_line' id='line_1_5' title="bbox 250 787 1415 869; baseline 0 -19"><span class='ocrx_word' id='word_1_28' title='bbox 250 790 412 850; x_wconf 79' lang='lat' dir='ltr'><strong>descendat</strong></span> <span class='ocrx_word' id='word_1_29' title='bbox 441 789 479 850; x_wconf 92' lang='lat' dir='ltr'><strong>ab</strong></span> <span class='ocrx_word' id='word_1_30' title='bbox 507 787 663 852; x_wconf 82' lang='grc' dir='ltr'>ὀεεᾶεθοι.</span> <span class='ocrx_word' id='word_1_31' title='bbox 708 790 788 850; x_wconf 83' lang='lat' dir='ltr'><strong>Nihil</strong></span> <span class='ocrx_word' id='word_1_32' title='bbox 816 789 911 858; x_wconf 89' lang='lat' dir='ltr'><strong>aliud,</strong></span> <span class='ocrx_word' id='word_1_33' title='bbox 941 791 967 849; x_wconf 89' lang='lat' dir='ltr'><strong>si</strong></span> <span class='ocrx_word' id='word_1_34' title='bbox 994 789 1066 869; x_wconf 88' lang='lat' dir='ltr'><strong>quid</strong></span> <span class='ocrx_word' id='word_1_35' title='bbox 1093 788 1193 858; x_wconf 79' lang='lat' dir='ltr'><strong>rideo,</strong></span> <span class='ocrx_word' id='word_1_36' title='bbox 1222 790 1415 867; x_wconf 81' lang='lat' dir='ltr'><strong>relinquitur,</strong></span> 
     </span>
     <span class='ocr_line' id='line_1_6' title="bbox 249 888 1415 972; baseline 0.001 -20"><span class='ocrx_word' id='word_1_37' title='bbox 249 911 338 972; x_wconf 82' lang='lat' dir='ltr'><strong>quam</strong></span> <span class='ocrx_word' id='word_1_38' title='bbox 367 900 400 952; x_wconf 94' lang='lat' dir='ltr'><strong>ut</strong></span> <span class='ocrx_word' id='word_1_39' title='bbox 427 899 540 952; x_wconf 85' lang='lat' dir='ltr'><strong>mutato</strong></span> <span class='ocrx_word' id='word_1_40' title='bbox 568 900 695 953; x_wconf 88' lang='lat' dir='ltr'><strong>accentu</strong></span> <span class='ocrx_word' id='word_1_41' title='bbox 728 892 807 971; x_wconf 92' lang='lat' dir='ltr'><strong>apud</strong></span> <span class='ocrx_word' id='word_1_42' title='bbox 829 891 1011 970; x_wconf 82' lang='lat' dir='ltr'><strong>Hesychium</strong></span> <span class='ocrx_word' id='word_1_43' title='bbox 1040 888 1187 954; x_wconf 74' lang='lat' dir='ltr'><strong>decutitur</strong></span> <span class='ocrx_word' id='word_1_44' title='bbox 1213 894 1415 971; x_wconf 84' lang='lat' dir='ltr'><strong>corrigamus:</strong></span> 
     </span>
     <span class='ocr_line' id='line_1_7' title="bbox 251 989 1416 1074; baseline 0.001 -20"><span class='ocrx_word' id='word_1_45' title='bbox 251 1003 313 1054; x_wconf 91' lang='lat' dir='ltr'><strong>tum</strong></span> <span class='ocrx_word' id='word_1_46' title='bbox 337 994 472 1055; x_wconf 83' lang='lat' dir='ltr'><strong>libianus</strong></span> <span class='ocrx_word' id='word_1_47' title='bbox 488 1011 597 1054; x_wconf 89' lang='lat' dir='ltr'><strong>norum</strong></span> <span class='ocrx_word' id='word_1_48' title='bbox 620 992 745 1054; x_wconf 87' lang='lat' dir='ltr'><strong>verbum</strong></span> <span class='ocrx_word' id='word_1_49' title='bbox 767 989 899 1070; x_wconf 84' lang='grc' dir='ltr'>ὄεεαμαι</span> <span class='ocrx_word' id='word_1_50' title='bbox 921 993 1074 1070; x_wconf 84' lang='lat' dir='ltr'><strong>procudit,</strong></span> <span class='ocrx_word' id='word_1_51' title='bbox 1097 995 1184 1052; x_wconf 85' lang='lat' dir='ltr'><strong>cuins</strong></span> <span class='ocrx_word' id='word_1_52' title='bbox 1205 995 1416 1074; x_wconf 86' lang='lat' dir='ltr'><strong>imperiectum</strong></span> 
     </span>
     <span class='ocr_line' id='line_1_8' title="bbox 249 1091 1417 1175; baseline 0 -19"><span class='ocrx_word' id='word_1_53' title='bbox 249 1096 415 1173; x_wconf 86' lang='lat' dir='ltr'><strong>legitimum</strong></span> <span class='ocrx_word' id='word_1_54' title='bbox 437 1103 484 1156; x_wconf 89' lang='lat' dir='ltr'><strong>est</strong></span> <span class='ocrx_word' id='word_1_55' title='bbox 504 1091 652 1159; x_wconf 82' lang='grc' dir='ltr'>ὄεεαντο.</span> <span class='ocrx_word' id='word_1_56' title='bbox 696 1094 880 1174; x_wconf 84' lang='lat' dir='ltr'><strong>Quamquam</strong></span> <span class='ocrx_word' id='word_1_57' title='bbox 905 1097 930 1154; x_wconf 91' lang='lat' dir='ltr'><strong>si</strong></span> <span class='ocrx_word' id='word_1_58' title='bbox 959 1095 1096 1155; x_wconf 91' lang='lat' dir='ltr'><strong>nolumus</strong></span> <span class='ocrx_word' id='word_1_59' title='bbox 1123 1095 1264 1175; x_wconf 78' lang='lat' dir='ltr'><strong>llesychii</strong></span> <span class='ocrx_word' id='word_1_60' title='bbox 1287 1097 1417 1173; x_wconf 84' lang='lat' dir='ltr'><strong>glossam</strong></span> 
     </span>
     <span class='ocr_line' id='line_1_9' title="bbox 249 1197 1416 1267; baseline -0.001 -9"><span class='ocrx_word' id='word_1_61' title='bbox 249 1205 380 1267; x_wconf 87' lang='lat' dir='ltr'><strong>mutare,</strong></span> <span class='ocrx_word' id='word_1_62' title='bbox 414 1205 447 1257; x_wconf 89' lang='lat' dir='ltr'><strong>ut</strong></span> <span class='ocrx_word' id='word_1_63' title='bbox 472 1197 614 1257; x_wconf 87' lang='lat' dir='ltr'><strong>Porsonis</strong></span> <span class='ocrx_word' id='word_1_64' title='bbox 641 1199 846 1257; x_wconf 91' lang='lat' dir='ltr'><strong>coniecturam</strong></span> <span class='ocrx_word' id='word_1_65' title='bbox 879 1199 1077 1265; x_wconf 84' lang='lat' dir='ltr'><strong>retineamus,</strong></span> <span class='ocrx_word' id='word_1_66' title='bbox 1111 1199 1200 1256; x_wconf 91' lang='lat' dir='ltr'><strong>etiam</strong></span> <span class='ocrx_word' id='word_1_67' title='bbox 1229 1197 1286 1257; x_wconf 92' lang='lat' dir='ltr'><strong>alia</strong></span> <span class='ocrx_word' id='word_1_68' title='bbox 1312 1216 1416 1257; x_wconf 92' lang='lat' dir='ltr'><strong>emen·</strong></span> 
     </span>
     <span class='ocr_line' id='line_1_10' title="bbox 250 1295 1417 1379; baseline -0.002 -19"><span class='ocrx_word' id='word_1_69' title='bbox 250 1299 339 1360; x_wconf 78' lang='lat' dir='ltr'><strong>dandi</strong></span> <span class='ocrx_word' id='word_1_70' title='bbox 362 1301 408 1360; x_wconf 85' lang='lat' dir='ltr'><strong>via</strong></span> <span class='ocrx_word' id='word_1_71' title='bbox 431 1307 528 1379; x_wconf 90' lang='lat' dir='ltr'><strong>patet:</strong></span> <span class='ocrx_word' id='word_1_72' title='bbox 552 1298 622 1359; x_wconf 92' lang='lat' dir='ltr'><strong>dum</strong></span> <span class='ocrx_word' id='word_1_73' title='bbox 645 1299 733 1360; x_wconf 92' lang='lat' dir='ltr'><strong>modo</strong></span> <span class='ocrx_word' id='word_1_74' title='bbox 755 1300 836 1358; x_wconf 87' lang='lat' dir='ltr'><strong>enim</strong></span> <span class='ocrx_word' id='word_1_75' title='bbox 858 1295 1005 1360; x_wconf 80' lang='lat' dir='ltr'><strong>dccdtilnr</strong></span> <span class='ocrx_word' id='word_1_76' title='bbox 1026 1297 1064 1357; x_wconf 94' lang='lat' dir='ltr'><strong>ab</strong></span> <span class='ocrx_word' id='word_1_77' title='bbox 1079 1298 1228 1377; x_wconf 79' lang='lat' dir='ltr'><strong>Hesychio</strong></span> <span class='ocrx_word' id='word_1_78' title='bbox 1250 1305 1332 1358; x_wconf 90' lang='lat' dir='ltr'><strong>recte</strong></span> <span class='ocrx_word' id='word_1_79' title='bbox 1354 1307 1417 1359; x_wconf 88' lang='lat' dir='ltr'><strong>tra-</strong></span> 
     </span>
     <span class='ocr_line' id='line_1_11' title="bbox 251 1396 1417 1480; baseline 0.001 -19"><span class='ocrx_word' id='word_1_80' title='bbox 251 1401 345 1462; x_wconf 89' lang='lat' dir='ltr'><strong>ditum</strong></span> <span class='ocrx_word' id='word_1_81' title='bbox 369 1396 466 1479; x_wconf 53' lang='lat' dir='ltr'><strong>sicu),</strong></span> <span class='ocrx_word' id='word_1_82' title='bbox 490 1407 588 1480; x_wconf 91' lang='lat' dir='ltr'><strong>potest</strong></span> <span class='ocrx_word' id='word_1_83' title='bbox 610 1418 664 1478; x_wconf 93' lang='lat' dir='ltr'><strong>pro</strong></span> <span class='ocrx_word' id='word_1_84' title='bbox 679 1397 792 1463; x_wconf 85' lang='grc' dir='ltr'>ἔεεατο</span> <span class='ocrx_word' id='word_1_85' title='bbox 808 1401 978 1479; x_wconf 82' lang='lat' dir='ltr'><strong>imperfecti</strong></span> <span class='ocrx_word' id='word_1_86' title='bbox 994 1399 1155 1477; x_wconf 87' lang='lat' dir='ltr'><strong>singularis</strong></span> <span class='ocrx_word' id='word_1_87' title='bbox 1169 1396 1286 1464; x_wconf 80' lang='grc' dir='ltr'>ὀεεᾶτο</span> <span class='ocrx_word' id='word_1_88' title='bbox 1308 1404 1417 1480; x_wconf 91' lang='lat' dir='ltr'><strong>reponi</strong></span> 
     </span>
     <span class='ocr_line' id='line_1_12' title="bbox 250 1498 1419 1580; baseline -0.002 -16"><span class='ocrx_word' id='word_1_89' title='bbox 250 1521 339 1564; x_wconf 89' lang='lat' dir='ltr'><strong>sensu</strong></span> <span class='ocrx_word' id='word_1_90' title='bbox 362 1504 496 1580; x_wconf 85' lang='lat' dir='ltr'><strong>passivo,</strong></span> <span class='ocrx_word' id='word_1_91' title='bbox 520 1509 552 1561; x_wconf 90' lang='lat' dir='ltr'><strong>ut</strong></span> <span class='ocrx_word' id='word_1_92' title='bbox 574 1498 710 1578; x_wconf 70' lang='grc' dir='ltr'>ὄλεθρος</span> <span class='ocrx_word' id='word_1_93' title='bbox 739 1501 868 1562; x_wconf 90' lang='lat' dir='ltr'><strong>subiecti</strong></span> <span class='ocrx_word' id='word_1_94' title='bbox 891 1501 989 1562; x_wconf 89' lang='lat' dir='ltr'><strong>locum</strong></span> <span class='ocrx_word' id='word_1_95' title='bbox 1011 1508 1121 1562; x_wconf 86' lang='lat' dir='ltr'><strong>teneat.</strong></span> <span class='ocrx_word' id='word_1_96' title='bbox 1153 1501 1212 1564; x_wconf 88' lang='lat' dir='ltr'><strong>Sed</strong></span> <span class='ocrx_word' id='word_1_97' title='bbox 1233 1520 1301 1561; x_wconf 89' lang='lat' dir='ltr'><strong>cum</strong></span> <span class='ocrx_word' id='word_1_98' title='bbox 1324 1504 1419 1562; x_wconf 90' lang='lat' dir='ltr'><strong>tantis</strong></span> 
     </span>
     <span class='ocr_line' id='line_1_13' title="bbox 250 1602 1418 1682; baseline -0.002 -18"><span class='ocrx_word' id='word_1_99' title='bbox 250 1605 321 1665; x_wconf 93' lang='lat' dir='ltr'><strong>huic</strong></span> <span class='ocrx_word' id='word_1_100' title='bbox 343 1605 388 1664; x_wconf 90' lang='lat' dir='ltr'><strong>rei</strong></span> <span class='ocrx_word' id='word_1_101' title='bbox 412 1603 546 1664; x_wconf 89' lang='lat' dir='ltr'><strong>tenebris</strong></span> <span class='ocrx_word' id='word_1_102' title='bbox 569 1603 672 1663; x_wconf 86' lang='lat' dir='ltr'><strong>ollusis</strong></span> <span class='ocrx_word' id='word_1_103' title='bbox 694 1621 797 1663; x_wconf 83' lang='lat' dir='ltr'><strong>verum</strong></span> <span class='ocrx_word' id='word_1_104' title='bbox 826 1602 977 1682; x_wconf 86' lang='lat' dir='ltr'><strong>dispicere</strong></span> <span class='ocrx_word' id='word_1_105' title='bbox 1006 1621 1064 1662; x_wconf 91' lang='lat' dir='ltr'><strong>nou</strong></span> <span class='ocrx_word' id='word_1_106' title='bbox 1088 1603 1191 1672; x_wconf 86' lang='lat' dir='ltr'><strong>liceat,</strong></span> <span class='ocrx_word' id='word_1_107' title='bbox 1220 1605 1252 1663; x_wconf 94' lang='lat' dir='ltr'><strong>in</strong></span> <span class='ocrx_word' id='word_1_108' title='bbox 1275 1603 1418 1682; x_wconf 88' lang='lat' dir='ltr'><strong>ambiguo</strong></span> 
     </span>
     <span class='ocr_line' id='line_1_14' title="bbox 251 1704 855 1785; baseline -0.005 -19"><span class='ocrx_word' id='word_1_109' title='bbox 251 1725 317 1768; x_wconf 87' lang='lat' dir='ltr'><strong>eam</strong></span> <span class='ocrx_word' id='word_1_110' title='bbox 339 1705 510 1785; x_wconf 83' lang='lat' dir='ltr'><strong>relinquere</strong></span> <span class='ocrx_word' id='word_1_111' title='bbox 533 1705 698 1766; x_wconf 93' lang='lat' dir='ltr'><strong>consultius</strong></span> <span class='ocrx_word' id='word_1_112' title='bbox 714 1704 855 1764; x_wconf 88' lang='lat' dir='ltr'><strong>arbitror.</strong></span> 
     </span>
     <span class='ocr_line' id='line_1_15' title="bbox 199 1799 1418 1886; baseline 0.002 -20"><span class='ocrx_word' id='word_1_113' title='bbox 199 1799 245 1866; x_wconf 76' lang='lat' dir='ltr'><strong>tl</strong></span> <span class='ocrx_word' id='word_1_114' title='bbox 336 1803 449 1885; x_wconf 67' lang='lat'>5241.</span> <span class='ocrx_word' id='word_1_115' title='bbox 480 1807 512 1867; x_wconf 93' lang='lat' dir='ltr'><strong>ln</strong></span> <span class='ocrx_word' id='word_1_116' title='bbox 529 1807 632 1866; x_wconf 91' lang='lat' dir='ltr'><strong>eadem</strong></span> <span class='ocrx_word' id='word_1_117' title='bbox 648 1805 785 1866; x_wconf 88' lang='lat' dir='ltr'><strong>contione</strong></span> <span class='ocrx_word' id='word_1_118' title='bbox 802 1814 959 1886; x_wconf 85' lang='lat' dir='ltr'><strong>postquam</strong></span> <span class='ocrx_word' id='word_1_119' title='bbox 975 1806 1160 1868; x_wconf 84' lang='lat' dir='ltr'><strong>Halitherses</strong></span> <span class='ocrx_word' id='word_1_120' title='bbox 1174 1808 1275 1885; x_wconf 88' lang='lat' dir='ltr'><strong>procis</strong></span> <span class='ocrx_word' id='word_1_121' title='bbox 1291 1809 1418 1868; x_wconf 82' lang='lat' dir='ltr'><strong>exitium</strong></span> 
     </span>
     <span class='ocr_line' id='line_1_16' title="bbox 251 1907 1419 1988; baseline -0.002 -18"><span class='ocrx_word' id='word_1_122' title='bbox 251 1916 412 1988; x_wconf 79' lang='lat' dir='ltr'><strong>auguratus</strong></span> <span class='ocrx_word' id='word_1_123' title='bbox 422 1917 453 1969; x_wconf 91' lang='lat' dir='ltr'><strong>et</strong></span> <span class='ocrx_word' id='word_1_124' title='bbox 463 1909 635 1969; x_wconf 88' lang='lat' dir='ltr'><strong>ithacenses</strong></span> <span class='ocrx_word' id='word_1_125' title='bbox 652 1907 826 1968; x_wconf 90' lang='lat' dir='ltr'><strong>adhortatus</strong></span> <span class='ocrx_word' id='word_1_126' title='bbox 840 1917 894 1976; x_wconf 88' lang='lat' dir='ltr'><strong>est,</strong></span> <span class='ocrx_word' id='word_1_127' title='bbox 911 1915 945 1967; x_wconf 94' lang='lat' dir='ltr'><strong>ut</strong></span> <span class='ocrx_word' id='word_1_128' title='bbox 959 1927 1018 1987; x_wconf 91' lang='lat' dir='ltr'><strong>quo</strong></span> <span class='ocrx_word' id='word_1_129' title='bbox 1033 1908 1121 1968; x_wconf 92' lang='lat' dir='ltr'><strong>modo</strong></span> <span class='ocrx_word' id='word_1_130' title='bbox 1132 1925 1294 1987; x_wconf 89' lang='lat' dir='ltr'><strong>procorum</strong></span> <span class='ocrx_word' id='word_1_131' title='bbox 1311 1927 1419 1988; x_wconf 91' lang='lat' dir='ltr'><strong>super-</strong></span> 
     </span>
     <span class='ocr_line' id='line_1_17' title="bbox 251 2001 1419 2088; baseline 0.001 -18"><span class='ocrx_word' id='word_1_132' title='bbox 251 2009 329 2071; x_wconf 89' lang='lat' dir='ltr'><strong>biam</strong></span> <span class='ocrx_word' id='word_1_133' title='bbox 353 2017 512 2071; x_wconf 85' lang='lat' dir='ltr'><strong>coerceant</strong></span> <span class='ocrx_word' id='word_1_134' title='bbox 534 2001 722 2079; x_wconf 85' lang='lat' dir='ltr'><strong>delibereut,&#39;</strong></span> <span class='ocrx_word' id='word_1_135' title='bbox 739 2016 893 2088; x_wconf 88' lang='lat' dir='ltr'><strong>postremo</strong></span> <span class='ocrx_word' id='word_1_136' title='bbox 915 2011 1005 2069; x_wconf 86' lang='lat' dir='ltr'><strong>etiam</strong></span> <span class='ocrx_word' id='word_1_137' title='bbox 1021 2009 1152 2079; x_wconf 82' lang='lat' dir='ltr'><strong>Mentor,</strong></span> <span class='ocrx_word' id='word_1_138' title='bbox 1176 2009 1269 2070; x_wconf 83' lang='lat' dir='ltr'><strong>Vlixis</strong></span> <span class='ocrx_word' id='word_1_139' title='bbox 1291 2012 1419 2080; x_wconf 89' lang='lat' dir='ltr'><strong>amicus,</strong></span> 
     </span>
     <span class='ocr_line' id='line_1_18' title="bbox 251 2110 1419 2190; baseline 0 -18"><span class='ocrx_word' id='word_1_140' title='bbox 251 2115 441 2174; x_wconf 87' lang='lat' dir='ltr'><strong>contionatur</strong></span> <span class='ocrx_word' id='word_1_141' title='bbox 463 2119 495 2172; x_wconf 94' lang='lat' dir='ltr'><strong>et</strong></span> <span class='ocrx_word' id='word_1_142' title='bbox 522 2110 665 2190; x_wconf 86' lang='lat' dir='ltr'><strong>gravibus</strong></span> <span class='ocrx_word' id='word_1_143' title='bbox 693 2110 794 2172; x_wconf 87' lang='lat' dir='ltr'><strong>verbis</strong></span> <span class='ocrx_word' id='word_1_144' title='bbox 816 2113 897 2171; x_wconf 87' lang='lat' dir='ltr'><strong>eires</strong></span> <span class='ocrx_word' id='word_1_145' title='bbox 918 2111 1128 2190; x_wconf 90' lang='lat' dir='ltr'><strong>reprehendit,</strong></span> <span class='ocrx_word' id='word_1_146' title='bbox 1156 2111 1234 2190; x_wconf 89' lang='lat' dir='ltr'><strong>quod</strong></span> <span class='ocrx_word' id='word_1_147' title='bbox 1257 2113 1347 2172; x_wconf 90' lang='lat' dir='ltr'><strong>otiosi</strong></span> <span class='ocrx_word' id='word_1_148' title='bbox 1369 2132 1419 2172; x_wconf 93' lang='lat' dir='ltr'><strong>se·</strong></span> 
     </span>
     <span class='ocr_line' id='line_1_19' title="bbox 251 2214 1295 2292; baseline -0.001 -18"><span class='ocrx_word' id='word_1_149' title='bbox 251 2214 355 2283; x_wconf 86' lang='lat' dir='ltr'><strong>deant,</strong></span> <span class='ocrx_word' id='word_1_150' title='bbox 379 2233 435 2275; x_wconf 89' lang='lat' dir='ltr'><strong>nec</strong></span> <span class='ocrx_word' id='word_1_151' title='bbox 459 2216 619 2292; x_wconf 87' lang='lat' dir='ltr'><strong>quicquam</strong></span> <span class='ocrx_word' id='word_1_152' title='bbox 642 2221 745 2290; x_wconf 88' lang='lat' dir='ltr'><strong>agant,</strong></span> <span class='ocrx_word' id='word_1_153' title='bbox 770 2219 803 2272; x_wconf 89' lang='lat' dir='ltr'><strong>ut</strong></span> <span class='ocrx_word' id='word_1_154' title='bbox 824 2231 940 2292; x_wconf 89' lang='lat' dir='ltr'><strong>paucos</strong></span> <span class='ocrx_word' id='word_1_155' title='bbox 961 2231 1069 2292; x_wconf 91' lang='lat' dir='ltr'><strong>procos</strong></span> <span class='ocrx_word' id='word_1_156' title='bbox 1090 2221 1295 2290; x_wconf 89' lang='lat' dir='ltr'><strong>compescant:</strong></span> 
     </span>
     <span class='ocr_line' id='line_1_20' title="bbox 293 2311 1213 2396; baseline 0.001 -20"><span class='ocrx_word' id='word_1_157' title='bbox 293 2311 356 2378; x_wconf 79' lang='lat'><strong>239</strong></span> <span class='ocrx_word' id='word_1_158' title='bbox 377 2315 437 2379; x_wconf 82' lang='grc' dir='ltr'><strong>νῦν</strong></span> <span class='ocrx_word' id='word_1_159' title='bbox 460 2314 493 2378; x_wconf 82' lang='grc' dir='ltr'><strong>δ’</strong></span> <span class='ocrx_word' id='word_1_160' title='bbox 515 2311 605 2394; x_wconf 82' lang='grc' dir='ltr'>ἄλλῳ</span> <span class='ocrx_word' id='word_1_161' title='bbox 628 2312 718 2396; x_wconf 86' lang='grc' dir='ltr'>δήμῳ</span> <span class='ocrx_word' id='word_1_162' title='bbox 740 2311 954 2393; x_wconf 81' lang='grc' dir='ltr'>νεμεείζομαι,</span> <span class='ocrx_word' id='word_1_163' title='bbox 977 2311 1051 2377; x_wconf 83' lang='grc' dir='ltr'>οἷον</span> <span class='ocrx_word' id='word_1_164' title='bbox 1072 2311 1213 2377; x_wconf 88' lang='grc' dir='ltr'>ἅπαντεε</span> 
     </span>
     <span class='ocr_line' id='line_1_21' title="bbox 377 2412 1207 2497; baseline 0 -18"><span class='ocrx_word' id='word_1_165' title='bbox 377 2413 449 2492; x_wconf 81' lang='grc' dir='ltr'><strong>ῆεθ’</strong></span> <span class='ocrx_word' id='word_1_166' title='bbox 471 2413 569 2497; x_wconf 83' lang='grc' dir='ltr'>ἄνεῳ,</span> <span class='ocrx_word' id='word_1_167' title='bbox 592 2413 672 2493; x_wconf 88' lang='grc' dir='ltr'>ἀτὰρ</span> <span class='ocrx_word' id='word_1_168' title='bbox 695 2412 736 2477; x_wconf 92' lang='grc' dir='ltr'><strong>ού</strong></span> <span class='ocrx_word' id='word_1_169' title='bbox 758 2434 788 2477; x_wconf 90' lang='grc' dir='ltr'><strong>τι</strong></span> <span class='ocrx_word' id='word_1_170' title='bbox 809 2413 1045 2493; x_wconf 87' lang='grc' dir='ltr'>καθαπτόμενοι</span> <span class='ocrx_word' id='word_1_171' title='bbox 1066 2414 1207 2479; x_wconf 86' lang='grc' dir='ltr'>έπέεεαν</span> 
     </span>
     <span class='ocr_line' id='line_1_22' title="bbox 377 2515 1256 2595; baseline -0.002 -15"><span class='ocrx_word' id='word_1_172' title='bbox 377 2515 523 2594; x_wconf 84' lang='grc' dir='ltr'>παύρουε</span> <span class='ocrx_word' id='word_1_173' title='bbox 538 2518 716 2595; x_wconf 85' lang='grc' dir='ltr'>μνηετῆραε</span> <span class='ocrx_word' id='word_1_174' title='bbox 737 2515 977 2593; x_wconf 90' lang='grc' dir='ltr'>κατερύκετε</span> <span class='ocrx_word' id='word_1_175' title='bbox 999 2517 1117 2582; x_wconf 77' lang='grc' dir='ltr'>πολλοὶ</span> <span class='ocrx_word' id='word_1_176' title='bbox 1139 2515 1256 2582; x_wconf 85' lang='grc' dir='ltr'>ἐόντεε.</span> 
     </span>
     <span class='ocr_line' id='line_1_23' title="bbox 251 2617 805 2696; baseline -0.007 -14"><span class='ocrx_word' id='word_1_177' title='bbox 251 2619 305 2682; x_wconf 82' lang='lat' dir='ltr'><strong>Cui</strong></span> <span class='ocrx_word' id='word_1_178' title='bbox 327 2621 428 2680; x_wconf 87' lang='lat' dir='ltr'><strong>statim</strong></span> <span class='ocrx_word' id='word_1_179' title='bbox 451 2618 614 2696; x_wconf 89' lang='lat' dir='ltr'><strong>respondet</strong></span> <span class='ocrx_word' id='word_1_180' title='bbox 634 2617 805 2679; x_wconf 88' lang='lat' dir='ltr'><strong>Leocritus:</strong></span> 
     </span>
     <span class='ocr_line' id='line_1_24' title="bbox 292 2715 1225 2802; baseline 0.004 -21"><span class='ocrx_word' id='word_1_181' title='bbox 292 2717 355 2782; x_wconf 80' lang='lat'><strong>243</strong></span> <span class='ocrx_word' id='word_1_182' title='bbox 378 2718 508 2797; x_wconf 87' lang='grc' dir='ltr'>Μέντορ</span> <span class='ocrx_word' id='word_1_183' title='bbox 530 2715 703 2800; x_wconf 86' lang='grc' dir='ltr'>ἀταρτηρέ,</span> <span class='ocrx_word' id='word_1_184' title='bbox 725 2718 848 2799; x_wconf 74' lang='grc' dir='ltr'>φρένα(</span> <span class='ocrx_word' id='word_1_185' title='bbox 870 2719 961 2802; x_wconf 83' lang='grc' dir='ltr'>ἠλεέ,</span> <span class='ocrx_word' id='word_1_186' title='bbox 983 2723 1082 2784; x_wconf 88' lang='grc' dir='ltr'>ποῖον</span> <span class='ocrx_word' id='word_1_187' title='bbox 1105 2719 1225 2801; x_wconf 82' lang='grc' dir='ltr'>ἔειπετ,</span> 
     </span>
     <span class='ocr_line' id='line_1_25' title="bbox 377 2817 956 2901; baseline -0.002 -17"><span class='ocrx_word' id='word_1_188' title='bbox 377 2819 476 2900; x_wconf 85' lang='grc' dir='ltr'>ἡμέαε</span> <span class='ocrx_word' id='word_1_189' title='bbox 497 2817 645 2898; x_wconf 83' lang='grc' dir='ltr'>ὀτρύνων</span> <span class='ocrx_word' id='word_1_190' title='bbox 667 2819 956 2901; x_wconf 87' lang='grc' dir='ltr'>καταπαυέμεν.</span> 
     </span>
     <span class='ocr_line' id='line_1_26' title="bbox 252 2923 1418 3004; baseline 0.003 -20"><span class='ocrx_word' id='word_1_191' title='bbox 252 2923 302 2984; x_wconf 89' lang='lat' dir='ltr'><strong>Sic</strong></span> <span class='ocrx_word' id='word_1_192' title='bbox 330 2923 402 2984; x_wconf 94' lang='lat' dir='ltr'><strong>olim</strong></span> <span class='ocrx_word' id='word_1_193' title='bbox 431 2923 580 3001; x_wconf 87' lang='lat' dir='ltr'><strong>vulgatum</strong></span> <span class='ocrx_word' id='word_1_194' title='bbox 603 2931 667 2985; x_wconf 87' lang='lat' dir='ltr'><strong>erat</strong></span> <span class='ocrx_word' id='word_1_195' title='bbox 689 2923 874 2985; x_wconf 82' lang='lat' dir='ltr'><strong>editionibus</strong></span> <span class='ocrx_word' id='word_1_196' title='bbox 901 2923 1041 2984; x_wconf 91' lang='lat' dir='ltr'><strong>omnibus</strong></span> <span class='ocrx_word' id='word_1_197' title='bbox 1069 2933 1100 2985; x_wconf 93' lang='lat' dir='ltr'><strong>et</strong></span> <span class='ocrx_word' id='word_1_198' title='bbox 1126 2923 1213 2986; x_wconf 90' lang='lat' dir='ltr'><strong>hodie</strong></span> <span class='ocrx_word' id='word_1_199' title='bbox 1242 2943 1360 3004; x_wconf 88' lang='lat' dir='ltr'><strong>quoque</strong></span> <span class='ocrx_word' id='word_1_200' title='bbox 1384 2929 1418 2988; x_wconf 93' lang='lat' dir='ltr'><strong>in</strong></span> 
     </span>
     <span class='ocr_line' id='line_1_27' title="bbox 252 3025 1419 3106; baseline 0.003 -21"><span class='ocrx_word' id='word_1_201' title='bbox 252 3025 415 3094; x_wconf 90' lang='lat' dir='ltr'><strong>nonnullis,</strong></span> <span class='ocrx_word' id='word_1_202' title='bbox 438 3027 524 3086; x_wconf 93' lang='lat' dir='ltr'><strong>utin</strong></span> <span class='ocrx_word' id='word_1_203' title='bbox 548 3025 754 3095; x_wconf 83' lang='lat' dir='ltr'><strong>iliodorhana,</strong></span> <span class='ocrx_word' id='word_1_204' title='bbox 768 3025 902 3103; x_wconf 89' lang='lat' dir='ltr'><strong>legitur,</strong></span> <span class='ocrx_word' id='word_1_205' title='bbox 925 3045 1104 3106; x_wconf 89' lang='lat' dir='ltr'><strong>quamquam</strong></span> <span class='ocrx_word' id='word_1_206' title='bbox 1120 3027 1326 3088; x_wconf 88' lang='lat' dir='ltr'><strong>emendatione</strong></span> <span class='ocrx_word' id='word_1_207' title='bbox 1349 3048 1419 3088; x_wconf 90' lang='lat' dir='ltr'><strong>eer-</strong></span> 
     </span>
     <span class='ocr_line' id='line_1_28' title="bbox 251 3126 1418 3208; baseline 0.002 -20"><span class='ocrx_word' id='word_1_208' title='bbox 251 3129 364 3188; x_wconf 89' lang='lat' dir='ltr'><strong>tissima</strong></span> <span class='ocrx_word' id='word_1_209' title='bbox 388 3129 447 3188; x_wconf 93' lang='lat' dir='ltr'><strong>iam</strong></span> <span class='ocrx_word' id='word_1_210' title='bbox 469 3126 587 3206; x_wconf 90' lang='lat' dir='ltr'><strong>pridem</strong></span> <span class='ocrx_word' id='word_1_211' title='bbox 609 3127 689 3187; x_wconf 90' lang='lat' dir='ltr'><strong>hunc</strong></span> <span class='ocrx_word' id='word_1_212' title='bbox 710 3145 829 3186; x_wconf 88' lang='lat' dir='ltr'><strong>versum</strong></span> <span class='ocrx_word' id='word_1_213' title='bbox 852 3126 960 3189; x_wconf 86' lang='lat' dir='ltr'><strong>libiani</strong></span> <span class='ocrx_word' id='word_1_214' title='bbox 990 3130 1203 3208; x_wconf 88' lang='lat' dir='ltr'><strong>perspicacitas</strong></span> <span class='ocrx_word' id='word_1_215' title='bbox 1231 3129 1267 3189; x_wconf 90' lang='lat' dir='ltr'><strong>ad</strong></span> <span class='ocrx_word' id='word_1_216' title='bbox 1291 3131 1418 3207; x_wconf 88' lang='lat' dir='ltr'><strong>integri-</strong></span> 
     </span>
     <span class='ocr_line' id='line_1_29' title="bbox 251 3226 1418 3312; baseline 0.003 -23"><span class='ocrx_word' id='word_1_217' title='bbox 251 3235 339 3290; x_wconf 88' lang='lat' dir='ltr'><strong>tatem</strong></span> <span class='ocrx_word' id='word_1_218' title='bbox 362 3227 497 3289; x_wconf 84' lang='lat' dir='ltr'><strong>reduxit:</strong></span> <span class='ocrx_word' id='word_1_219' title='bbox 521 3231 547 3288; x_wconf 88' lang='lat' dir='ltr'><strong>is</strong></span> <span class='ocrx_word' id='word_1_220' title='bbox 575 3229 655 3288; x_wconf 91' lang='lat' dir='ltr'><strong>onim</strong></span> <span class='ocrx_word' id='word_1_221' title='bbox 677 3226 877 3291; x_wconf 86' lang='grc' dir='ltr'>καταπαύετε</span> <span class='ocrx_word' id='word_1_222' title='bbox 899 3247 953 3308; x_wconf 84' lang='grc' dir='ltr'><strong>ρτο</strong></span> <span class='ocrx_word' id='word_1_223' title='bbox 976 3227 1161 3306; x_wconf 88' lang='grc' dir='ltr'>κατερύκετε</span> <span class='ocrx_word' id='word_1_224' title='bbox 1185 3250 1210 3289; x_wconf 91' lang='lat' dir='ltr'><strong>v.</strong></span> <span class='ocrx_word' id='word_1_225' title='bbox 1233 3226 1295 3292; x_wconf 82' lang='lat'><strong>241</strong></span> <span class='ocrx_word' id='word_1_226' title='bbox 1319 3235 1418 3312; x_wconf 93' lang='lat' dir='ltr'><strong>scrip-</strong></span> 
     </span>
     <span class='ocr_line' id='line_1_30' title="bbox 249 3329 1417 3410; baseline 0.003 -20"><span class='ocrx_word' id='word_1_227' title='bbox 249 3331 287 3390; x_wconf 85' lang='lat' dir='ltr'><strong>sit</strong></span> <span class='ocrx_word' id='word_1_228' title='bbox 315 3329 481 3400; x_wconf 88' lang='lat' dir='ltr'><strong>verissime,</strong></span> <span class='ocrx_word' id='word_1_229' title='bbox 512 3329 541 3390; x_wconf 93' lang='lat' dir='ltr'><strong>id</strong></span> <span class='ocrx_word' id='word_1_230' title='bbox 576 3329 655 3410; x_wconf 86' lang='lat' dir='ltr'><strong>quod</strong></span> <span class='ocrx_word' id='word_1_231' title='bbox 683 3330 796 3407; x_wconf 90' lang='lat' dir='ltr'><strong>lugisse</strong></span> <span class='ocrx_word' id='word_1_232' title='bbox 829 3337 890 3390; x_wconf 88' lang='lat' dir='ltr'><strong>tam</strong></span> <span class='ocrx_word' id='word_1_233' title='bbox 918 3331 969 3392; x_wconf 93' lang='lat' dir='ltr'><strong>diu</strong></span> <span class='ocrx_word' id='word_1_234' title='bbox 1002 3331 1140 3392; x_wconf 91' lang='lat' dir='ltr'><strong>homiues</strong></span> <span class='ocrx_word' id='word_1_235' title='bbox 1166 3332 1268 3393; x_wconf 89' lang='lat' dir='ltr'><strong>doctos</strong></span> <span class='ocrx_word' id='word_1_236' title='bbox 1300 3351 1336 3392; x_wconf 92' lang='lat' dir='ltr'><strong>eo</strong></span> <span class='ocrx_word' id='word_1_237' title='bbox 1363 3353 1417 3394; x_wconf 82' lang='lat' dir='ltr'><strong>ex·</strong></span> 
     </span>
     <span class='ocr_line' id='line_1_31' title="bbox 250 3429 1419 3511; baseline 0.004 -19"><span class='ocrx_word' id='word_1_238' title='bbox 250 3439 384 3502; x_wconf 87' lang='lat' dir='ltr'><strong>cusator,</strong></span> <span class='ocrx_word' id='word_1_239' title='bbox 413 3431 491 3511; x_wconf 88' lang='lat' dir='ltr'><strong>quod</strong></span> <span class='ocrx_word' id='word_1_240' title='bbox 521 3433 553 3491; x_wconf 90' lang='lat' dir='ltr'><strong>in</strong></span> <span class='ocrx_word' id='word_1_241' title='bbox 575 3429 730 3491; x_wconf 90' lang='lat' dir='ltr'><strong>codicibus</strong></span> <span class='ocrx_word' id='word_1_242' title='bbox 751 3429 933 3492; x_wconf 88' lang='lat' dir='ltr'><strong>scholiorum</strong></span> <span class='ocrx_word' id='word_1_243' title='bbox 964 3449 998 3492; x_wconf 88' lang='lat' dir='ltr'><strong>ea</strong></span> <span class='ocrx_word' id='word_1_244' title='bbox 1020 3433 1115 3493; x_wconf 82' lang='lat' dir='ltr'><strong>forma</strong></span> <span class='ocrx_word' id='word_1_245' title='bbox 1143 3436 1173 3494; x_wconf 93' lang='lat' dir='ltr'><strong>in</strong></span> <span class='ocrx_word' id='word_1_246' title='bbox 1202 3432 1253 3496; x_wconf 91' lang='grc' dir='ltr'>καὶ</span> <span class='ocrx_word' id='word_1_247' title='bbox 1281 3431 1419 3498; x_wconf 87' lang='grc' dir='ltr'>παύεται</span> 
     </span>
     <span class='ocr_line' id='line_1_32' title="bbox 250 3531 1419 3613; baseline 0.003 -19"><span class='ocrx_word' id='word_1_248' title='bbox 250 3533 409 3613; x_wconf 88' lang='lat' dir='ltr'><strong>depravata</strong></span> <span class='ocrx_word' id='word_1_249' title='bbox 432 3539 463 3593; x_wconf 90' lang='lat' dir='ltr'><strong>et</strong></span> <span class='ocrx_word' id='word_1_250' title='bbox 484 3539 577 3593; x_wconf 90' lang='lat' dir='ltr'><strong>totum</strong></span> <span class='ocrx_word' id='word_1_251' title='bbox 601 3531 733 3592; x_wconf 88' lang='lat' dir='ltr'><strong>scholion</strong></span> <span class='ocrx_word' id='word_1_252' title='bbox 763 3551 903 3611; x_wconf 87' lang='lat' dir='ltr'><strong>perverse</strong></span> <span class='ocrx_word' id='word_1_253' title='bbox 933 3533 969 3594; x_wconf 92' lang='lat' dir='ltr'><strong>ad</strong></span> <span class='ocrx_word' id='word_1_254' title='bbox 992 3533 1213 3612; x_wconf 88' lang='grc' dir='ltr'>καταπαυέμεν</span> <span class='ocrx_word' id='word_1_255' title='bbox 1244 3537 1276 3595; x_wconf 94' lang='lat' dir='ltr'><strong>in</strong></span> <span class='ocrx_word' id='word_1_256' title='bbox 1304 3554 1329 3594; x_wconf 90' lang='lat' dir='ltr'><strong>v.</strong></span> <span class='ocrx_word' id='word_1_257' title='bbox 1352 3531 1419 3597; x_wconf 81' lang='lat'><strong>244</strong></span> 
     </span>
     <span class='ocr_line' id='line_1_33' title="bbox 249 3632 1419 3698; baseline 0.003 -3"><span class='ocrx_word' id='word_1_258' title='bbox 249 3634 375 3696; x_wconf 88' lang='lat' dir='ltr'><strong>relatum</strong></span> <span class='ocrx_word' id='word_1_259' title='bbox 398 3641 472 3694; x_wconf 88' lang='lat' dir='ltr'><strong>erat.</strong></span> <span class='ocrx_word' id='word_1_260' title='bbox 517 3633 577 3697; x_wconf 85' lang='lat' dir='ltr'><strong>Hac</strong></span> <span class='ocrx_word' id='word_1_261' title='bbox 600 3632 719 3696; x_wconf 89' lang='lat' dir='ltr'><strong>demum</strong></span> <span class='ocrx_word' id='word_1_262' title='bbox 742 3641 838 3696; x_wconf 85' lang='lat' dir='ltr'><strong>aetate</strong></span> <span class='ocrx_word' id='word_1_263' title='bbox 862 3635 974 3696; x_wconf 86' lang='lat' dir='ltr'><strong>detexit</strong></span> <span class='ocrx_word' id='word_1_264' title='bbox 996 3653 1130 3696; x_wconf 91' lang='lat' dir='ltr'><strong>errorem</strong></span> <span class='ocrx_word' id='word_1_265' title='bbox 1152 3635 1237 3698; x_wconf 91' lang='lat' dir='ltr'><strong>Imm.</strong></span> <span class='ocrx_word' id='word_1_266' title='bbox 1261 3635 1419 3698; x_wconf 83' lang='lat' dir='ltr'><strong>Rekherus</strong></span> 
     </span>
     <span class='ocr_line' id='line_1_34' title="bbox 250 3733 1418 3814; baseline 0.004 -18"><span class='ocrx_word' id='word_1_267' title='bbox 250 3743 279 3797; x_wconf 88' lang='lat' dir='ltr'><strong>et</strong></span> <span class='ocrx_word' id='word_1_268' title='bbox 306 3735 440 3796; x_wconf 90' lang='lat' dir='ltr'><strong>scholion</strong></span> <span class='ocrx_word' id='word_1_269' title='bbox 468 3735 621 3812; x_wconf 86' lang='lat' dir='ltr'><strong>ingeniose</strong></span> <span class='ocrx_word' id='word_1_270' title='bbox 650 3735 680 3796; x_wconf 91' lang='lat' dir='ltr'><strong>in</strong></span> <span class='ocrx_word' id='word_1_271' title='bbox 708 3735 788 3796; x_wconf 88' lang='lat' dir='ltr'><strong>hunc</strong></span> <span class='ocrx_word' id='word_1_272' title='bbox 816 3736 936 3797; x_wconf 89' lang='lat' dir='ltr'><strong>modum</strong></span> <span class='ocrx_word' id='word_1_273' title='bbox 963 3734 1109 3798; x_wconf 89' lang='lat' dir='ltr'><strong>restituit:</strong></span> <span class='ocrx_word' id='word_1_274' title='bbox 1146 3733 1219 3798; x_wconf 78' lang='lat'>241.</span> <span class='ocrx_word' id='word_1_275' title='bbox 1248 3735 1418 3814; x_wconf 90' lang='grc' dir='ltr'>κατερύ-</span> 
     </span>
     <span class='ocr_line' id='line_1_35' title="bbox 250 3832 1419 3921; baseline 0.002 -21"><span class='ocrx_word' id='word_1_276' title='bbox 250 3853 350 3900; x_wconf 92' lang='grc' dir='ltr'>κετε·</span> <span class='ocrx_word' id='word_1_277' title='bbox 372 3832 499 3901; x_wconf 71' lang='grc' dir='ltr'>Ῥιανὸς</span> <span class='ocrx_word' id='word_1_278' title='bbox 520 3833 638 3915; x_wconf 85' lang='grc' dir='ltr'>γράφει</span> <span class='ocrx_word' id='word_1_279' title='bbox 659 3835 916 3901; x_wconf 91' lang='grc' dir='ltr'>καταπαύετε.</span> <span class='ocrx_word' id='word_1_280' title='bbox 945 3836 997 3900; x_wconf 89' lang='grc' dir='ltr'>καὶ</span> <span class='ocrx_word' id='word_1_281' title='bbox 1018 3835 1119 3921; x_wconf 80' lang='grc' dir='ltr'>λόγον</span> <span class='ocrx_word' id='word_1_282' title='bbox 1141 3835 1208 3915; x_wconf 82' lang='grc' dir='ltr'>ἔχει</span> <span class='ocrx_word' id='word_1_283' title='bbox 1230 3837 1283 3902; x_wconf 82' lang='grc' dir='ltr'><strong>διὰ</strong></span> <span class='ocrx_word' id='word_1_284' title='bbox 1304 3838 1342 3902; x_wconf 86' lang='grc' dir='ltr'><strong>τὸ</strong></span> <span class='ocrx_word' id='word_1_285' title='bbox 1364 3837 1419 3902; x_wconf 89' lang='grc' dir='ltr'>καὶ</span> 
     </span>
    </p>
   </div>
   <div class='ocr_carea' id='block_1_3' title="bbox 249 4084 1419 4324">
    <p class='ocr_par' dir='ltr' id='par_1_3' title="bbox 249 4084 1419 4324">
     <span class='ocr_line' id='line_1_36' title="bbox 316 4084 1416 4153; baseline 0.004 -13"><span class='ocrx_word' id='word_1_286' title='bbox 316 4089 360 4152; x_wconf 77' lang='lat' dir='ltr'><strong>tu)</strong></span> <span class='ocrx_word' id='word_1_287' title='bbox 378 4085 420 4141; x_wconf 84' lang='lat' dir='ltr'><strong>De</strong></span> <span class='ocrx_word' id='word_1_288' title='bbox 437 4084 491 4140; x_wconf 81' lang='lat' dir='ltr'><strong>huo</strong></span> <span class='ocrx_word' id='word_1_289' title='bbox 508 4087 603 4139; x_wconf 82' lang='lat' dir='ltr'><strong>lumen</strong></span> <span class='ocrx_word' id='word_1_290' title='bbox 621 4101 651 4140; x_wconf 87' lang='lat' dir='ltr'><strong>re</strong></span> <span class='ocrx_word' id='word_1_291' title='bbox 669 4103 743 4142; x_wconf 87' lang='lat' dir='ltr'><strong>nunc</strong></span> <span class='ocrx_word' id='word_1_292' title='bbox 760 4085 946 4142; x_wconf 74' lang='lat' dir='ltr'><strong>dubitandum</strong></span> <span class='ocrx_word' id='word_1_293' title='bbox 963 4085 1088 4153; x_wconf 82' lang='lat' dir='ltr'><strong>videtur,</strong></span> <span class='ocrx_word' id='word_1_294' title='bbox 1107 4104 1170 4141; x_wconf 89' lang='lat' dir='ltr'><strong>cum</strong></span> <span class='ocrx_word' id='word_1_295' title='bbox 1187 4087 1224 4141; x_wconf 91' lang='lat' dir='ltr'><strong>M.</strong></span> <span class='ocrx_word' id='word_1_296' title='bbox 1243 4087 1416 4144; x_wconf 82' lang='lat' dir='ltr'><strong>Schmidbius</strong></span> 
     </span>
     <span class='ocr_line' id='line_1_37' title="bbox 249 4169 1419 4241; baseline 0.006 -17"><span class='ocrx_word' id='word_1_297' title='bbox 249 4171 278 4226; x_wconf 85' lang='lat' dir='ltr'><strong>in</strong></span> <span class='ocrx_word' id='word_1_298' title='bbox 296 4169 361 4226; x_wconf 78' lang='lat' dir='ltr'><strong>edit.</strong></span> <span class='ocrx_word' id='word_1_299' title='bbox 379 4169 510 4240; x_wconf 82' lang='lat' dir='ltr'><strong>Hesychii</strong></span> <span class='ocrx_word' id='word_1_300' title='bbox 528 4169 664 4225; x_wconf 77' lang='lat' dir='ltr'><strong>abiecerit</strong></span> <span class='ocrx_word' id='word_1_301' title='bbox 675 4172 803 4227; x_wconf 67' lang='lat' dir='ltr'><strong>octaceoc</strong></span> <span class='ocrx_word' id='word_1_302' title='bbox 821 4173 850 4226; x_wconf 78' lang='lat' dir='ltr'><strong>et</strong></span> <span class='ocrx_word' id='word_1_303' title='bbox 861 4171 1009 4240; x_wconf 80' lang='lat' dir='ltr'><strong>receperit:</strong></span> <span class='ocrx_word' id='word_1_304' title='bbox 1028 4173 1176 4228; x_wconf 81' lang='grc' dir='ltr'>ὸττῶεθαι·</span> <span class='ocrx_word' id='word_1_305' title='bbox 1195 4173 1419 4241; x_wconf 79' lang='grc' dir='ltr'>κλῃδονίεαεθαι.</span> 
     </span>
     <span class='ocr_line' id='line_1_38' title="bbox 251 4253 1040 4324; baseline 0 -14"><span class='ocrx_word' id='word_1_306' title='bbox 251 4271 313 4310; x_wconf 89' lang='lat' dir='ltr'><strong>cum</strong></span> <span class='ocrx_word' id='word_1_307' title='bbox 330 4253 425 4310; x_wconf 74' lang='grc' dir='ltr'>οᾶαοέ.</span> <span class='ocrx_word' id='word_1_308' title='bbox 444 4254 496 4310; x_wconf 80' lang='lat' dir='ltr'><strong>‘sic</strong></span> <span class='ocrx_word' id='word_1_309' title='bbox 513 4254 600 4311; x_wconf 87' lang='lat' dir='ltr'><strong>codex</strong></span> <span class='ocrx_word' id='word_1_310' title='bbox 618 4256 647 4311; x_wconf 83' lang='lat' dir='ltr'><strong>eb</strong></span> <span class='ocrx_word' id='word_1_311' title='bbox 664 4255 794 4324; x_wconf 80' lang='lat' dir='ltr'><strong>Vossius,</strong></span> <span class='ocrx_word' id='word_1_312' title='bbox 812 4257 940 4313; x_wconf 81' lang='grc' dir='ltr'>ὸεεᾶτθαι</span> <span class='ocrx_word' id='word_1_313' title='bbox 958 4255 1040 4310; x_wconf 86' lang='lat' dir='ltr'><strong>Mus.’</strong></span> 
     </span>
    </p>
   </div>
   <div class='ocr_carea' id='block_1_4' title="bbox 0 0 1567 4682">
    <p class='ocr_par' dir='ltr' id='par_1_4' title="bbox 0 0 1567 4682">
     <span class='ocr_line' id='line_1_39' title="bbox 0 0 1567 4682; baseline 0 0"><span class='ocrx_word' id='word_1_314' title='bbox 0 0 1567 4682; x_wconf 95' lang='lat' dir='ltr'><strong> </strong></span> 
     </span>
    </p>
   </div>
  </div>
 </body>
</html>
