3124 4682
744 227 746 234 ’
853 266 872 328 c

786 359 807 364 .—
813 349 917 368 ..νη-..σ’-
933 359 937 362 -

282 468 442 542 supersunt
465 468 564 521 tamen
579 459 714 520 nonnulli
729 461 931 536 gramumtici,
956 462 1081 520 minoris
1104 460 1146 519 illi
1163 441 1282 538 quidem
1307 465 1336 518 et
1352 461 1446 520 l'amar¹

255 575 312 646 ‚et
342 564 542 631 auctoritatis,
572 564 623 640 qui
652 560 747 620 adhuc
775 581 790 620 a
819 562 1036 639 philologornm
1065 563 1200 621 acumine
1232 567 1262 620 et
1290 561 1447 638 diligentia

284 667 408 726 salutem
443 671 530 744 atque
564 663 701 740 caliginis
735 680 791 742 qua
831 670 972 739 teguntur
1009 663 1230 742 dissipationem
1265 669 1447 741 exspectent.

283 767 365 828 lnter
387 784 461 845 quos
484 765 566 824 valde
590 763 757 824 mirandum
781 771 841 832 est,
872 764 950 843 quod
974 763 1126 833 lihiani,
1156 767 1207 842 qui
1236 765 1351 842 poetica
1375 783 1448 842 quo·

284 887 341 948 que
365 867 451 927 laude
467 873 590 926 ornatus
604 865 800 926 honorificum
822 867 852 925 in
875 865 1084 926 Alexandrinis
1106 873 1206 926 teneat
1221 865 1327 934 locum,
1352 867 1448 925 studia

285 969 442 1030 Homerica
464 986 523 1028 non
546 974 604 1026 tam
629 975 765 1028 accurate
795 975 824 1027 et
847 969 1010 1046 exquisite,
1041 987 1129 1046 quam
1152 985 1205 1046 par
1234 974 1294 1036 est,
1323 973 1449 1028 tractata

286 1078 363 1131 sunt.
395 1070 468 1130 Nam
485 1071 602 1130 tametsi
625 1086 700 1145 quae
723 1070 751 1130 in
768 1070 897 1130 Homero
913 1069 1097 1129 recensendo
1113 1068 1288 1137 elaboravit,
1314 1080 1449 1146 magnam

285 1179 400 1252 partem
416 1171 564 1231 oblivione
581 1169 686 1230 obruta
708 1177 790 1240 sunt,
814 1179 929 1239 tamen,
954 1177 986 1230 ut
1002 1170 1098 1230 Wolni
1114 1167 1242 1248 verbis¹)
1266 1178 1342 1240 utar,
1367 1189 1449 1230 suam

286 1274 409 1334 Homeri
432 1274 638 1332 recensionem
661 1271 749 1332 nobis
778 1273 824 1332 vel
846 1274 949 1351 paucis
971 1273 1149 1349 fragmentis
1172 1271 1450 1331 desiderabiliorem

287 1376 372 1442 lacit,
407 1392 496 1452 quam
527 1373 669 1452 quidquid
703 1375 733 1432 in
767 1374 823 1434 hoc
859 1391 968 1452 genere
1001 1373 1073 1433 lusit
1101 1373 1274 1452 Apollonius
1300 1372 1450 1440 Rhodios

288 1494 413 1554 cumque
436 1483 517 1535 tanta
540 1474 662 1535 Wolfius
676 1475 772 1536 valeat
793 1476 983 1544 auctoritate,
1007 1483 1040 1535 ut
1063 1475 1099 1534 ab
1123 1494 1157 1534 eo
1178 1476 1277 1552 magni
1301 1476 1452 1534 aestimari

289 1594 420 1637 summae
454 1583 535 1636 recte
566 1577 646 1636 laudi
679 1577 818 1646 ducatur,
852 1596 911 1637 non
943 1597 1017 1656 opus
1049 1584 1094 1636 cst
1126 1577 1175 1635 hic
1209 1575 1357 1636 subicere·
1376 1595 1452 1654 quae

289 1679 396 1740 Rhiaui
420 1680 451 1738 in
474 1678 591 1738 laudem
614 1686 643 1738 ct
666 1679 952 1740 commendationem
975 1679 1077 1739 afferri
1102 1684 1226 1756 possunt
1247 1677 1356 1738 iudicia
1381 1678 1452 1736 alio·

290 1799 372 1848 rum,
395 1782 662 1863 praesertimcum
687 1787 737 1840 aut
759 1799 882 1859 prorsus
905 1781 1054 1860 pendeant
1076 1797 1111 1839 ex
1135 1779 1240 1838 Wolfio
1264 1781 1367 1838 autin
1391 1779 1453 1838 lau-

290 1883 386 1941 dando
408 1881 523 1942 Rhiano
545 1899 611 1941 curn
636 1901 670 1940 eo
693 1884 889 1942 consentiant.
899 1879 919 1960 ²)

375 1983 470 2042 Huius
491 1983 584 2060 igitur
606 1985 705 2043 critici
734 1983 811 2044 baud
841 1983 1049 2044 contemnendi
1072 1983 1240 2043 Homericis
1263 1982 1371 2042 studiis
1394 2002 1454 2042 non

291 2103 355 2143 eam
383 2102 501 2151 curam,
531 2104 588 2164 qua
617 2085 705 2162 digna
734 2095 846 2154 essent,
882 2085 919 2145 ala
947 2084 1119 2144 hominihus
1147 2085 1242 2144 doctis
1269 2086 1455 2162 impertitam

291 2204 356 2246 csse
380 2185 451 2246 dixi.
497 2186 570 2248 Nam
599 2189 649 2266 qui
678 2186 773 2248 adhuc
796 2187 832 2246 de
862 2187 911 2247 illo
934 2187 1099 2266 peculiares
1126 2185 1242 2247 libellos
1270 2187 1455 2264 conscripse-

292 2283 401 2368 runt3),
415 2307 482 2348 cum
498 2291 663 2348 carminum
681 2291 746 2348 cius
763 2289 905 2368 reliquias
921 2289 1104 2366 colligerent,
1117 2295 1234 2366 poetam
1251 2290 1455 2367 potiusquam

292 2393 516 2467 grammaticum
540 2396 738 2467 respexerunt
760 2398 847 2469 atque
871 2390 908 2450 ab
929 2390 1095 2450 Homericis
1117 2392 1182 2450 cius
1197 2391 1304 2450 studiis
1325 2396 1456 2450 tractan-

293 2491 338 2550 dis
362 2509 393 2549 sc
417 2489 626 2550 abstinuerunt
649 2509 707 2550 nno
730 2491 853 2551 Saalio
877 2499 1014 2571 excepto,
1039 2494 1090 2572 qui
1113 2510 1291 2571 quamquam
1314 2491 1457 2550 disserta-

292 2592 384 2650 tionis
407 2598 522 2669 partem
545 2591 667 2652 alte-ram
691 2595 722 2651 in
745 2593 800 2652 hac
824 2612 856 2652 rc
873 2596 1071 2672 consumpsit,
1096 2594 1174 2654 solos
1196 2599 1293 2653 tamen
1309 2591 1457 2651 libianen-

294 2711 360 2752 rum
382 2691 543 2753 lectionum
560 2693 674 2753 indices
691 2694 812 2755 scholiis
827 2695 862 2755 ad
879 2696 1041 2755 Homerum
1065 2695 1101 2755 ab
1118 2694 1285 2754 editoribus
1301 2693 1458 2755 adiunctos

294 2795 466 2872 exscripsit,
491 2795 571 2856 nullo
594 2814 696 2856 earum
721 2800 855 2858 examine
879 2799 1024 2856 instituto.
1071 2797 1172 2876 Neque
1197 2815 1265 2855 vero
1288 2795 1395 2874 quihus
1418 2795 1456 2854 lli.

294 2895 603 2973 Sengehuschius
637 2899 814 2958 industriam
848 2899 877 2957 in
911 2898 1040 2958 Homero
1074 2889 1258 2958 recensendo
1291 2917 1306 2956 a
1341 2895 1458 2956 Rhiano

294 2997 465 3057 collocatam
489 2998 692 3068 adumbravit,
725 2999 760 3058 ab
790 3002 870 3060 omni
893 3009 977 3079 parte
1006 3001 1111 3060 idonea
1141 3007 1223 3068 sunt,
1254 3017 1329 3080 quac
1357 3017 1457 3058 veram
1559 3071 1560 3080 χ

295 3101 360 3158 eius
383 3107 413 3158 et
428 3118 596 3178 expressam
621 3102 779 3179 imaginem
794 3103 941 3170 referant,
966 3121 1061 3182 neque
1085 3104 1136 3181 qui
1153 3121 1248 3181 nuper
1272 3100 1308 3160 de
1324 3109 1457 3160 veterum

294 3199 402 3259 studiis
424 3200 591 3262 Homericis
613 3205 684 3262 satis
714 3203 810 3281 amplo
837 3203 914 3262 libro
937 3211 1151 3263 commentatus
1180 3204 1216 3263 dc
1239 3200 1354 3263 lilriano
1377 3220 1459 3265 sum·

296 3369 495 3378 -—--—--—

364 3467 389 3530 1)
406 3464 536 3535 Prolegg.
554 3485 582 3536 p.
603 3475 659 3523 188.

362 3549 389 3616 8)
408 3549 449 3602 Ex
466 3549 567 3604 Wolfio
584 3552 709 3620 pendent
727 3553 1001 3609 Graefenhanius
1025 3555 1123 3610 Gesch.
1134 3553 1183 3609 der
1195 3554 1278 3608 kless.
1303 3553 1403 3609 Philol.
1420 3555 1459 3609 im

296 3633 416 3688 Atterth.
445 3634 525 3687 Bonn
550 3640 628 3702 1843,
650 3637 702 3690 νο1.
726 3638 738 3690 Ι
759 3656 788 3707 p.
808 3645 866 3694 389.
896 3639 923 3693 II
945 3659 972 3710 p.
996 3647 1052 3706 110,
1088 3639 1306 3706 Siebelisius‚
1328 3639 1459 3696 Nicolaus

297 3717 442 3782 Saalius;
472 3737 533 3773 curn
561 3736 593 3773 eo
621 3721 795 3776 consentiunt
822 3725 963 3792 Augustus
988 3723 1190 3791 Meinekius,
1216 3723 1253 3777 M.
1282 3724 1459 3793 Sengehu-

297 3802 410 3856 schius
428 3802 510 3856 Hom.
530 3803 595 3858 diss.
614 3805 627 3858 I
644 3824 671 3874 p.
691 3812 732 3860 47.

364 3890 390 3954 3)
408 3887 517 3943 Primus
535 3890 570 3944 de
587 3889 696 3945 Rhieno
714 3908 839 3946 seorsum
857 3891 1011 3963 disputavit
1034 3893 1146 3960 eiusque
1169 3893 1330 3962 fragmenta
1348 3893 1462 3964 coHegit

297 3970 501 4026 Siebelisius
520 3974 670 4044 scriptione
688 3976 854 4030 scholastice
872 3977 1005 4036 Budissae
1029 3995 1053 4032 8.
1075 3983 1138 4032 1829
1157 3976 1246 4043 edite,
1267 3977 1364 4046 paucis
1381 3979 1461 4032 annis

297 4057 360 4125 post
382 4056 546 4112 Nicolaus
570 4058 704 4113 Scalius
718 4059 781 4114 diss.
796 4061 890 4131 inaug.
902 4063 1015 4117 Bonnae
1032 4068 1134 4116 81831
1153 4062 1242 4128 edite,
1259 4078 1343 4130 quem
1360 4061 1460 4116 deindo

297 4143 406 4213 excepit
422 4145 595 4213 Angustus
612 4143 799 4199 Meinelrius
822 4147 1069 4214 commentatione,
1093 4164 1165 4215 quae
1183 4146 1324 4200 Analectis
1342 4146 1460 4201 Alexan-

298 4227 383 4284 drinis
401 4227 523 4283 Berolini
540 4245 564 4284 8.
584 4234 649 4284 1843
667 4228 749 4284 editis
766 4231 872 4285 inserta
890 4233 941 4286 est.
