3124 4682
127 490 348 575 imperatirus,
377 512 411 554 π
446 487 508 552 199
545 491 869 572 plusquamperfectum
905 499 972 560 est,
1010 511 1026 552 a
1064 493 1154 554 verbo
1191 491 1300 574 έννυμι

127 597 304 658 descendat.

214 703 232 763 ξ
253 693 328 759 622.
358 697 393 757 lu
414 698 474 758 line
497 696 632 756 eiusdem
654 694 742 764 libri,
766 695 818 755 ubi
839 695 939 756 Vlixes
960 697 1038 776 apud
1061 697 1224 759 Eumaeum
1246 694 1329 760 dod

126 802 273 863 cubuisse
297 807 452 868 narratur,
476 798 621 876 legimus:
940 803 945 812 ’

170 899 237 964 520
598 897 651 960 ἐπὶ
672 899 709 961 δὲ
730 899 867 975 χλαῖναν
891 896 986 976 βάλεν
1009 896 1097 980 αὐτῷ

283 1001 409 1079 πυκνὴν
431 1000 484 1063 καὶ
505 999 662 1078 μεγάλην,
684 997 704 1075 ἦ
727 997 758 1061 οἱ
779 998 983 1076 παρεκέειιετ’
1005 998 1155 1082 ἀμοιβάς,

284 1101 488 1182 έννυεθαι,
510 1101 565 1165 ὅτε
586 1121 633 1163 τιε
654 1099 774 1178 χειμὼν
797 1099 957 1174 ἔκπαγλοι
979 1099 1098 1178 ὄροιτο.

127 1209 230 1271 Schol.
266 1203 498 1283 Ἀριιτοφάνηι
531 1202 582 1268 καὶ
608 1201 735 1266 Ῥιπνὸι
768 1200 963 1281 sinuetur,
995 1202 1041 1267 dac
1076 1203 1114 1266 τὸ
1143 1205 1236 1283 «θριξὶ
1264 1209 1299 1271 δὲ

125 1310 236 1374 πάντα
257 1307 355 1374 νέκυν
383 1303 594 1369 καταείνυον»
625 1303 665 1384 (Ψ
694 1301 775 1382 135).
805 1304 842 1364 H.
870 1302 941 1364 lude
969 1307 993 1366 si
1018 1307 1195 1368 concludere
1217 1308 1297 1379 licet,

97 1483 101 1497 1
126 1414 280 1474 Rhianum
303 1411 380 1470 hanc
403 1410 529 1468 sormam
550 1426 606 1488 pro
634 1409 764 1485 genuina
793 1415 824 1465 et
845 1405 967 1467 Homeri
996 1410 1118 1488 propria
1146 1409 1296 1480 babuisse,

126 1519 220 1576 etiam
237 1512 327 1593 paulo
342 1517 429 1571 antea
446 1529 472 1570 v.
488 1505 553 1570 514
567 1511 738 1588 ceterisque
752 1510 783 1568 in
800 1507 945 1577 versibus,
961 1511 993 1570 in
1009 1509 1120 1588 quibus
1134 1510 1237 1571 eadem
1254 1513 1298 1572 vel

125 1615 386 1678 simileslormae
416 1613 609 1691 reperiuntur
638 1613 663 1688 (Z
690 1606 733 1670 28
759 1607 922 1689 έννυιθαι,
950 1628 966 1671 ε
988 1605 1061 1670 229.
1090 1608 1163 1672 230.
1198 1610 1299 1674 este

125 1715 255 1796 ἕννυτο)
280 1715 406 1776 eandem
430 1715 626 1774 mutationem
650 1711 822 1773 adhibuisse
838 1711 1005 1773 censendus
1026 1722 1087 1782 est;
1110 1713 1196 1773 aliter
1219 1717 1298 1776 eninr

125 1840 187 1882 non
211 1817 415 1894 intellegitur,
439 1834 494 1876 cur
516 1815 573 1875 hoc
595 1815 788 1894 potissimum
811 1808 877 1874 loco
905 1833 932 1876 ει
953 1817 1025 1894 poni
1053 1832 1181 1893 quamv
1204 1819 1298 1893 genri-

126 1923 194 1984 nari
217 1921 369 1982 maluerit.
414 1916 478 1988 Qua
499 1919 531 1976 in
559 1935 592 1977 re
615 1918 794 1976 temeritatis
821 1935 889 1977 eum
918 1915 1091 1978 insimulare
1116 1923 1247 1977 vetamur
1269 1926 1300 1980 et

125 2041 277 2084 consensu
300 2015 554 2098 Aristophanis²⁸)
576 2025 607 2078 et
628 2018 764 2098 exemplo
786 2037 803 2078 a
825 2018 982 2079 scholiasta
996 2018 1083 2078 allato
1098 2017 1297 2099 καταείνυον,

125 2125 207 2206 quod
230 2123 442 2203 imperfectum
465 2119 549 2180 verbi
572 2117 762 2184 καθεννύναι
790 2127 851 2190 est,
881 2121 929 2180 cui
955 2120 1024 2180 addi
1052 2127 1151 2199 potest
1173 2119 1297 2184 ἐπείνυ-

125 2231 197 2291 (θαι
219 2227 317 2286 torma
340 2224 439 2284 ionica
462 2241 518 2302 pro
540 2219 734 2301 έφέννυιθπι
755 2222 833 2302 apud
854 2221 964 2282 Herod.
988 2221 1025 2281 lv
1054 2219 1104 2282 64.
1143 2222 1202 2282 Sed
1224 2215 1298 2284 baec

124 2333 193 2410 ipsa
216 2326 354 2406 exempla
375 2325 451 2386 mihi
474 2324 694 2387 dubitationem
716 2333 851 2394 movent,
881 2341 951 2385 num
981 2319 1119 2386 εἴνυεθαι
1148 2331 1230 2386 recte
1259 2327 1298 2386 sit

8 2459 9 2516 j
124 2449 196 2492 cum
219 2431 330 2509 spiritu
352 2428 413 2488 loni
436 2429 597 2506 scriptum:
627 2428 682 2487 boc
705 2429 785 2488 enim
809 2443 906 2506 neque
930 2444 966 2486 ex
987 2423 1176 2490 καταείνυον
1198 2445 1295 2506 neque

124 2553 163 2594 ex
187 2529 369 2594 έπείνυιθαι
397 2531 464 2590 iure
492 2529 593 2607 colligi
624 2536 739 2608 potest,
775 2547 842 2588 cum
872 2525 1001 2592 ἑννύναι
1030 2528 1107 2607 apud
1135 2529 1295 2590 Homerum

124 2637 278 2714 digammo
302 2635 482 2692 instructum
505 2633 545 2692 sit
569 2629 632 2709 (cir.
650 2631 685 2691 G.
710 2631 834 2692 Curtii
861 2637 952 2709 etym.
977 2648 1022 2708 gr.
1047 2629 1093 2691 ed.
1116 2630 1143 2692 ll
1164 2651 1194 2711 p.
1210 2628 1294 2709 338),

124 2741 156 2800 in
180 2735 349 2797 recentiore
365 2739 465 2794 autem
488 2732 615 2793 dialecto
637 2732 752 2802 ionica,
776 2750 832 2810 qua
856 2731 1022 2792 Herodotus
1044 2733 1146 2803 utitur,
1169 2751 1294 2814 praepo·

122 2841 249 2900 sitiones
271 2854 340 2897 curn
363 2835 463 2896 verbis
485 2837 666 2912 compositas
694 2851 797 2894 carere
826 2833 1005 2910 aspiratione
1033 2841 1158 2896 constet.
1202 2833 1295 2895 lnamo

124 2959 197 3001 vero
225 2940 337 2999 scimus
365 2938 453 2998 lones
481 2937 593 2997 dixisse
616 2933 751 2999 εἱνύναι;
785 2935 858 3014 quid
887 2938 980 3014 igitur
1015 2953 1121 2996 causae
1149 2940 1293 3016 reperias,

124 3062 180 3103 cur
204 3042 353 3110 Homerus
375 3041 589 3119 aspirationem
611 3037 765 3099 omiserit?
801 3037 903 3098 Potuit
930 3045 1028 3098 autern
1050 3038 1183 3100 Rhianns
1206 3035 1294 3101 etiarn

124 3146 215 3206 buius
243 3142 383 3203 lectionis
411 3141 665 3202 confirmationem
689 3157 834 3218 quaerere
857 3158 892 3198 ex
915 3139 1101 3202 Pisistratea:
1136 3158 1295 3203 namnum

125 3248 249 3326 antiquo
277 3244 328 3304 illo
357 3251 491 3322 tempore
520 3260 617 3322 neque
646 3241 764 3302 litterae
792 3242 939 3320 geminari
968 3239 1041 3302 οιΕ
1069 3259 1123 3320 pro
1151 3260 1178 3305 ει
1201 3243 1293 3304 scribi

124 3348 251 3416 soleret,
277 3342 443 3408 ΕΝΥΕΘΑΙ
467 3363 523 3423 pro
545 3340 684 3406 εἴνιιτθαι
707 3345 844 3422 accipere
866 3344 980 3405 nemini
1001 3361 1061 3406 uon
1090 3341 1208 3406 licebat.

211 3450 255 3510 Hx
289 3447 393 3508 eodem
427 3447 510 3506 lonte
543 3447 668 3507 fortasse
701 3447 912 3526 repetendum,
946 3446 1025 3525 quod
1058 3445 1191 3509 Rhianns
1214 3450 1230 3513 Z
1251 3445 1324 3510 466

124 3551 220 3614 scribi
244 3550 351 3619 voluit,
375 3547 427 3610 ubi
450 3547 592 3628 Olympus
613 3549 661 3608 his
683 3547 820 3609 versibus
842 3547 1038 3610 describitur:

280 3635 473 3729 (Οὔλυμποι)
497 3647 571 3713 οὔτ’
593 3647 735 3727 ἀνέμοιο
756 3647 931 3714 τινάεεεται
953 3647 1029 3713 οὔτε
1051 3649 1130 3713 ποτ’
1152 3648 1261 3732 ὄμβρῳ

255 3751 380 3815 δεύεται
403 3749 478 3816 οὔτε
501 3750 581 3828 χιὼν
604 3749 820 3831 ἐπιπίλναται,
844 3749 928 3816 ἀλλὰ
950 3751 1028 3830 μάλ’
1050 3749 1141 3829 αἴθρη

166 3853 210 3918 45
253 3853 410 3917 πέπταται
432 3851 609 3933 ἀνέφελοι,
634 3853 728 3931 λευκὴ
752 3852 785 3916 δ’
807 3852 1015 3932 ἐπιδέδρομεν
1039 3852 1142 3931 αἴγλη.

253 3961 304 4038 τῷ
326 3955 375 4020 ένι
397 3954 569 4036 τέρπονται
592 3953 729 4034 μάκαρεε
751 3954 819 4018 θεοὶ
841 3953 943 4034 ἤματα
964 3952 1080 4020 πάντα.

160 4270 164 4276 .
195 4196 238 4261 28)
256 4191 329 4262 Aug.
351 4189 523 4244 blanchini
545 4190 563 4243 l.
591 4191 609 4243 l.
627 4207 655 4260 p.
674 4195 706 4244 47
725 4191 782 4246 not.
802 4195 834 4245 55
860 4191 963 4262 probat
989 4189 1059 4245 bono
1086 4191 1203 4246 formem
1231 4191 1292 4248 coll.

125 4279 214 4335 ελνὺω
232 4275 360 4332 Eustabh.
378 4294 406 4346 p.
424 4281 503 4344 1292,
520 4281 561 4330 24.
581 4279 656 4344 1871,
674 4282 715 4331 37.
733 4275 824 4345 Hlym.
842 4275 879 4330 M.
896 4294 923 4345 p.
942 4281 991 4330 494
1004 4275 1021 4329 f.
