3124 4682
836 301 880 366 64

276 492 393 563 crebra,
409 501 442 554 ut
451 492 573 554 Hesiodi
586 492 699 569 Theog.
717 488 758 552 10
772 491 820 566 (de
830 491 931 570 llusIs)
945 490 1088 569 ἐννύχιαι
1103 492 1240 572 ςτεῖχον,
1255 492 1344 555 Ρίπθ.
1359 494 1446 575 Pyth.

275 593 306 666 3,
329 593 371 657 79
391 597 549 672 κοῦραι..
572 593 747 671 μέλπονται
770 641 800 655 ..
822 591 974 670 ἐννύχιαι,
1003 593 1094 674 Soph.
1121 594 1166 654 Δί.
1189 591 1271 656 1203
1293 593 1447 674 έννυχίαν

275 695 400 776 τέρψιν,
423 715 600 776 quamquam
629 698 661 755 in
683 695 786 756 eadem
815 695 914 755 sabula
939 691 1000 755 179
1022 692 1182 772 ἐννυχίοις
1203 699 1362 773 μηχαναῖς
1384 706 1447 760 tra·

276 797 371 858 ditum
395 807 454 868 est,
483 797 633 876 Aristoph.
656 795 711 876 Eq.
734 792 817 857 1290
838 795 1009 873 έννυχίαιτι
1030 793 1184 874 φρονιίςι
1227 798 1290 858 Nec
1312 799 1446 860 alienum

276 907 322 960 est
354 919 390 960 ex
411 899 542 960 Homero
576 899 683 959 afferre
716 917 792 977 quae
820 897 972 959 simillima
1005 907 1075 959 sunt
1107 895 1211 976 3434
1241 899 1446 978 παννυχίη

276 998 335 1078 μέν
363 997 397 1076 ῥ’
422 998 442 1076 ή
461 1017 498 1074 γε
520 999 572 1063 καὶ
592 997 642 1076 ἠῶ
670 999 762 1076 πεῖρε
783 997 938 1062 κέλευθον
960 1007 990 1059 et
1016 1001 1035 1062 δ
1057 996 1120 1060 356
1142 997 1237 1063 ὅςςον
1258 1019 1294 1064 τε
1320 1021 1446 1079 πανη-

276 1120 320 1178 με
327 1100 389 1179 ρίη
411 1101 562 1180 γλαφυρὴ
588 1103 667 1178 νηῦς
693 1099 820 1177 ήνυςεν.
865 1103 1000 1161 Attamen
1030 1102 1178 1161 exstitisse
1207 1102 1362 1174 videntur,
1390 1107 1446 1184 qui

276 1203 385 1264 llbiani
419 1206 598 1265 sententiam
631 1203 895 1281 amplecteremur,
930 1222 998 1264 curn
1031 1202 1117 1263 codd.
1152 1203 1267 1265 ΑΒΜ
1300 1202 1446 1284 ἐννύχιοι

276 1305 440 1384 praebeant
462 1313 493 1365 et
513 1308 544 1365 in
568 1305 593 1366 N
616 1323 648 1367 οι
670 1303 780 1384 syllaba
804 1321 894 1383 supra
917 1306 1027 1384 scripta
1051 1305 1100 1364 sit.

226 1399 271 1466 28
364 1402 478 1470 0702.
522 1406 625 1486 Pylum
657 1406 790 1483 epitheto
816 1402 935 1482 ἠγαθέη
962 1423 1068 1485 parum
1100 1415 1168 1486 apte
1197 1410 1299 1468 ornari
1327 1413 1447 1486 putavit

276 1508 412 1569 Rhianus
432 1508 489 1568 hoo
511 1525 614 1568 versu:

403 1607 436 1671 ἐς
457 1605 571 1672 Πύλον
592 1605 733 1685 ἠγαθέην
754 1605 811 1683 ἠδ’
832 1604 865 1670 ές
887 1605 1108 1685 Λακεδαίμονα
1129 1610 1211 1672 δῖαν.

276 1711 375 1774 Schol.
403 1707 594 1787 ἠγαθέην·
622 1707 748 1773 Ῥιανὸς
776 1707 960 1787 Ἠμαθίην
987 1707 1112 1789 γράφει
1135 1711 1209 1772 ΗΡ.
1254 1712 1444 1775 λθίοοιίνυπι

275 1811 413 1888 ήγὰθεος
434 1812 515 1874 idem
536 1811 635 1872 valere
663 1829 698 1872 ac
719 1808 832 1876 ζάθεος
853 1818 955 1872 notum
979 1819 1025 1872 est
1046 1819 1077 1872 et
1099 1815 1179 1872 inter
1201 1831 1305 1874 omnes
1326 1821 1445 1877 constat

275 1917 472 1994 interpretes:
509 1915 564 1974 olr.
594 1913 793 1974 Buttmannus
823 1913 882 1973 lcx.
910 1913 923 1973 l
951 1931 980 1990 p.
1002 1910 1059 1983 48,
1087 1913 1283 1975 DoederIInus
1315 1915 1405 1994 gloss.
1429 1917 1444 1978 I

275 2033 305 2094 p.
327 2013 368 2078 57
401 2035 431 2076 ιι.
456 2012 511 2086 74,
546 2015 729 2094 Hartungius
761 2023 838 2094 part.
867 2015 880 2074 Ι
907 2033 937 2092 p.
960 2011 1034 2075 350.
1077 2015 1179 2094 ltaque
1207 2019 1355 2078 constanti
1386 2037 1444 2079 usu

275 2119 312 2180 de
335 2117 463 2179 urbibus
484 2117 529 2178 vel
552 2117 627 2178 locis
648 2117 852 2196 praedIcatur,
876 2134 984 2195 quaea
1008 2116 1072 2176 deis
1086 2115 1216 2177 hahItari
1231 2117 1278 2177 vel
1293 2120 1338 2179 ele
1353 2137 1442 2201 prae·

276 2229 321 2281 ter
352 2228 452 2280 cetera
479 2227 562 2297 grata
590 2220 671 2280 etin
695 2217 838 2296 singulari
872 2235 974 2277 eorum
1008 2217 1099 2278 tutela
1133 2237 1167 2278 ac
1198 2219 1351 2296 praesidio
1374 2240 1443 2282 esse

275 2322 431 2392 dicuntur,
459 2328 493 2381 ut
514 2321 646 2382 Lemnos
673 2319 787 2388 insula,
816 2337 892 2397 quae
915 2319 1045 2380 Vulcano
1068 2327 1182 2380 sacrata
1212 2328 1289 2392 erat,
1320 2320 1343 2382 Β
1366 2319 1440 2384 722.

274 2421 303 2485 Φ
323 2419 365 2485 58
388 2430 418 2483 et
440 2419 481 2483 79
503 2430 532 2482 et
553 2422 662 2502 Pytho,
686 2419 798 2480 oraculi
820 2419 919 2490 sedes,
943 2423 962 2482 θ
984 2417 1034 2482 80.
1065 2421 1165 2500 hymn.
1188 2421 1260 2482 Ven.
1283 2417 1305 2481 2
1327 2430 1358 2483 et
1381 2424 1441 2504 Ny-

275 2624 380 2707 ςήῑον,
404 2628 535 2705 itemque
558 2623 693 2706 Cyllene,
716 2626 748 2684 in
771 2643 830 2704 quo
853 2631 953 2685 monte
975 2623 1141 2685 Mercurius
1163 2631 1249 2686 natus
1271 2624 1440 2698 dicebatur,

274 2728 375 2808 hymn.
399 2727 489 2787 llerc.
505 2723 578 2788 231.
595 2727 719 2805 Saepius
734 2727 805 2804 Pylo
821 2726 956 2787 Nestoris
983 2725 1053 2786 nrhi
1074 2726 1130 2786 hoc
1145 2727 1298 2804 epitheton
1314 2727 1439 2800 inditur,

273 2831 304 2889 in
332 2829 424 2889 Iliade
453 2828 544 2889 semel
570 2813 693 2898 Α252,
722 2829 754 2888 in
781 2817 911 2907 Odyssea
939 2827 1099 2908 quinquies
1125 2824 1161 2891 ἐν
1188 2826 1290 2910 Πύλῳ
1318 2826 1440 2914 ἠγαθέῃ

274 2935 292 2994 δ
314 2928 388 3011 599,
412 2929 445 2992 ἐς
466 2927 579 2992 Πύλον
607 2927 745 3007 ἠγαθέην
774 2933 792 3008 β
813 2925 886 2995 308.
916 2931 934 2992 h
958 2925 1029 2990 702.
1059 2948 1074 2992 ε
1095 2925 1148 2991 20.
1177 2933 1193 2996 ξ
1217 2926 1293 3000 180;
1322 2932 1440 2993 accedit

274 3036 363 3094 etiam
393 3033 494 3112 hymn.
523 3032 614 3092 Merc.
641 3028 714 3093 216.
759 3032 874 3092 Ceteris
902 3032 976 3092 locis
1003 3031 1092 3112 Pylos
1123 3031 1288 3110 appellatur
1314 3029 1383 3110 ἱερή
1411 3053 1439 3113 φ

275 3131 351 3205 108,
375 3131 474 3213 μήτηρ
497 3132 607 3212 μήλων
637 3153 656 3197 ο
679 3129 758 3214 226,
787 3131 925 3210 Νηλήϊος
953 3129 1072 3194 Λ681.
1101 3129 1219 3202 8639,
1248 3132 1336 3212 longe
1366 3153 1439 3197 vero

273 3237 515 3317 frequentissime
538 3233 688 3313 ήμαθόεις
711 3235 733 3296 Β
757 3232 807 3296 77.
832 3233 839 3296 1
865 3231 935 3296 153.
959 3229 1031 3296 295.
1060 3234 1086 3298 Λ
1109 3232 1180 3296 712.
1203 3251 1224 3296 α
1246 3231 1298 3297 93.
1322 3237 1340 3313 β
1363 3231 1438 3298 214.

273 3335 346 3400 826.
368 3334 441 3400 359.
465 3340 483 3399 δ
505 3334 578 3400 633.
608 3339 627 3400 λ
648 3333 721 3398 257.
744 3332 818 3396 459.
847 3355 873 3398 ω
898 3332 967 3396 152.
1012 3335 1165 3416 Nusquam
1193 3338 1300 3415 igitur,
1330 3340 1356 3398 si
1386 3357 1439 3400 ex-

273 3442 367 3518 cipias
389 3459 415 3517 φ
436 3435 495 3500 108
517 3437 631 3502 Πύλου
652 3436 754 3515 ἱερῆς,
778 3437 900 3498 deorum
917 3438 1090 3517 colusquam
1114 3456 1197 3498 sacra
1220 3457 1285 3499 esse
1308 3439 1438 3504 dicitur:

272 3561 364 3622 quare
389 3544 451 3600 veri
468 3541 564 3601 simiIe
581 3549 639 3608 est,
663 3541 718 3600 hac
733 3557 820 3600 causa
837 3539 983 3600 Rhianum
1000 3548 1109 3600 motum
1127 3559 1206 3610 esse,
1232 3548 1264 3601 ut
1280 3559 1344 3602 eam
1359 3539 1439 3618 ήγα-

272 3642 348 3720 θέην
372 3649 452 3702 recte
476 3644 623 3702 nominari
646 3649 769 3719 negaret
796 3649 826 3701 et
854 3658 962 3702 novum
988 3641 1164 3704 vocabulum
1187 3644 1315 3720 lingeret
1341 3641 1438 3722 Ἠμά-

272 3749 341 3808 θιος
364 3747 425 3806 sive
447 3740 595 3822 ἠμάθιος,
624 3743 701 3822 quod
725 3742 837 3820 duplici
865 3744 981 3804 ratione
1004 3743 1147 3821 eprIcari
1169 3742 1255 3805 licet:
1294 3763 1362 3806 narn
1385 3754 1439 3808 aut

272 3866 288 3908 a
311 3847 430 3906 nomine
459 3845 541 3906 fluvii
568 3843 707 3923 Ἄμαθος
735 3845 890 3906 descendit
916 3845 1020 3925 Pylum
1048 3843 1154 3906 urbem
1182 3847 1436 3924 praeterfluentis,

272 3965 288 4009 a
322 3967 381 4028 quo
413 3945 521 4008 Strabo
535 3943 571 4026 45)
609 3948 698 4006 etiam
730 3943 879 4024 ήμαθόεις
912 3947 1090 4008 adiectivum
1124 3947 1231 4008 deduci
1267 3949 1346 4019 vult,
1385 3959 1439 4011 aut

271 4099 473 4109 ——n-

274 2526 384 2595 selum,
418 2523 563 2584 Thraciae
596 2541 682 2583 mons
702 2523 812 2583 Bacchi
842 2541 940 2592 sacer,
973 2519 1085 2584 2133
1107 2521 1180 2585 κατ’
1212 2521 1353 2600 ἠγάθεον
1377 2523 1441 2588 Νυ-

279 4176 283 4187 “
339 4183 383 4251 45)
402 4181 503 4237 Strabo
516 4179 582 4236 VIII
594 4198 621 4251 p.
636 4185 698 4236 344:
716 4181 828 4236 Πύλος.
844 4221 850 4234 .
863 4179 896 4234 ὃν
909 4184 988 4236 καλεῖ
999 4181 1015 4234 ὁ
1028 4182 1147 4250 ποιητὴς
1160 4181 1323 4250 ἠμαθόεντα
1336 4226 1341 4237 .
1357 4225 1363 4238 .
1377 4183 1437 4240 εἴτε

271 4270 323 4322 ποθ
343 4268 552 4334 παραρρέοντος
571 4270 701 4332 ποταμοῦ
724 4267 795 4332 πρὸς
812 4267 918 4334 ἄρκτον
943 4266 1065 4331 Ἀμάθου
1089 4267 1264 4352 καλουμένου
1282 4269 1438 4338 πρότερον,
