3124 4682
650 309 802 407 —35—

140 495 249 569 ces'sit3
273 499 402 580 denique
426 514 494 560 cum
518 501 576 562 iam
592 500 756 572 Zenodoto‚
780 503 831 581 qui
853 498 1033 580 ἐπιετομίαε
1047 503 1184 581 scripsit,
1209 501 1311 581 displi-

139 603 265 661 cuerint
291 599 487 680 ἐπεεβολίαι,
517 621 593 682 quae
623 623 638 666 a
662 604 821 666 scholiasta
848 603 972 677 γελοῖαι
1000 604 1199 684 appellantur,
1231 603 1311 664 illius

142 705 324 766 auctoritare
348 711 377 764 et
401 703 536 783 exemplo
557 704 692 766 llhiauus
713 705 848 784 inpulsus
871 723 937 766 esse
952 705 1085 776 videtur,
1109 714 1142 768 ut
1163 708 1223 766 nisi
1247 724 1311 765 ver-

140 804 226 865 sibus
248 805 336 884 plane
360 807 487 866 resectis
509 808 562 866 toti
586 807 652 868 loco
679 806 836 868 medellam
865 806 1001 868 adhiberi
1031 825 1088 868 non
1118 824 1204 887 posse
1233 805 1311 868 arhi-
1349 878 1353 885 Ι

138 912 283 968 traretur.
331 907 373 968 lle
396 910 495 968 causis
517 917 616 970 autem
638 910 713 988 ipsis
735 927 795 970 uon
818 927 893 988 opus
921 917 966 970 est
986 909 1123 989 pluribus
1147 910 1318 990 disputare..

140 1026 210 1070 cunr
234 1008 362 1070 lectores
385 1010 536 1070 remisisse
560 1011 687 1072 sulssoiat
709 1011 745 1071 ad
769 1030 820 1082 ea,
844 1027 919 1090 quae
935 1010 1107 1074 Nitzschius
1130 1011 1149 1074 l.
1173 1012 1192 1072 l.
1217 1013 1310 1074 veris·

139 1112 217 1196 sime
241 1111 367 1172 monuit.

226 1231 248 1275 α
269 1207 341 1274 279.
386 1213 419 1274 ln
442 1214 578 1294 longiore
607 1218 755 1286 oratione,
786 1235 844 1296 qua
865 1215 997 1277 Minerva
1026 1214 1080 1277 suh
1103 1215 1219 1276 Mentue
1242 1210 1340 1294 per-3

138 1333 214 1376 sona
237 1314 448 1376 Telemachum
472 1317 661 1389 adhortatur,
691 1327 723 1379 ut
746 1319 781 1378 de
804 1319 900 1398 patris
923 1318 1022 1380 reditu
1045 1318 1228 1379 sciscitatum
1256 1316 1310 1396 Py·

138 1417 203 1479 lum
226 1417 424 1499 Spartamque
447 1421 506 1480 iter
528 1421 632 1491 lactat,
657 1438 725 1482 cum
749 1421 805 1482 alia
828 1429 890 1482 tum
914 1421 988 1482 haec
1010 1419 1133 1482 suadet:

258 1645 262 1650 ¹
294 1573 474 1650 μνηετῆραε
495 1572 553 1650 μὲν
576 1569 628 1635 ἐπὶ
650 1572 789 1652 εφὲτερα
811 1571 990 1638 ceronatam
1012 1571 1152 1654 ἄνωχθι,

183 1669 248 1734 275
296 1671 415 1752 μητέρα
437 1673 486 1755 δ’,
509 1669 539 1736 εἴ
561 1671 592 1737 οἱ
614 1673 713 1752 θυμὸς
736 1673 931 1757 ἐφορμᾶται,
953 1674 1136 1754 γαμέεεθαι·

295 1773 343 1852 ἂψ
366 1771 424 1837 ἴτω
447 1773 480 1838 ἐ(
502 1774 643 1852 μέγαρον
659 1776 780 1854 πατρὸς
796 1776 876 1854 μέγα
898 1777 1106 1856 δυναμένοιο·

295 1874 326 1938 oi
348 1876 384 1938 δὲ
406 1875 510 1955 γάμον
533 1875 676 1942 rationu
698 1877 748 1940 καὶ
770 1877 979 1956 ἀρτυνέουειν
1002 1877 1098 1944 ἔεδνα

295 1975 404 2041 πολλὰ
426 1976 514 2060 μάλ’,
537 1977 613 2042 dcco
637 1977 723 2042 ἔοικε
745 1979 842 2058 φίλη(
865 1979 918 2043 ἐπὶ
939 1979 1056 2044 παιδὸς
1079 1979 1214 2044 ἕπεεθαι.

294 2079 344 2142 coi
365 2078 399 2142 δ’
420 2077 507 2161 αὐτῷ
529 2081 671 2144 πυκινῶς
692 2078 907 2162 ὑποθήιομαι,
930 2079 964 2144 αἴ
985 2100 1020 2145 κε
1041 2080 1158 2160 πίθηαι.

184 2177 248 2242 280
296 2179 352 2258 νῆ’
374 2179 471 2259 ἄριοι
494 2179 634 2264 ἐρέτῃαν
658 2180 808 2263 ἐείκοιιν,
829 2181 850 2258 ἥ
872 2202 920 2247 τι(
941 2181 1049 2261 ἀρίιτη
1072 2193 1128 2246 cet.

141 2333 240 2396 Schol.
266 2333 302 2394 ad
324 2330 402 2395 279:
432 2330 529 2398 οὗτοι
552 2334 588 2398 δὲ
610 2332 629 2398 ὁ
653 2334 756 2413 ετίχοι
784 2332 819 2400 ἑν
846 2339 884 2418 τῇ
912 2335 993 2400 κατὰ
1020 2333 1149 2400 Ῥιανὸν
1178 2331 1238 2398 οὐκ
1258 2331 1308 2413 ἦν.

138 2437 166 2496 ll
189 2436 227 2495 M.
258 2435 338 2496 Vnus
362 2438 488 2516 quisque
517 2457 576 2498 non
602 2437 770 2498 admonitus
792 2455 926 2500 errorem
950 2441 981 2500 in
1004 2439 1052 2500 his
1074 2437 1221 2515 intellegit
1243 2456 1309 2498 esse

139 2547 170 2598 et
196 2557 296 2598 rerum
318 2538 428 2600 vidisse
452 2539 663 2609 Cuballum,
687 2558 752 2600 cum
776 2540 946 2601 adnotaret:
970 2541 1047 2601 ‘Non
1071 2540 1190 2601 videtur
1212 2541 1309 2600 omitti

138 2658 228 2719 posse
256 2641 304 2700 hic
332 2659 445 2701 versus.
490 2641 629 2702 Fortasse
659 2643 752 2720 igitur
786 2642 851 2702 loco
879 2649 958 2703 mota
987 2651 1033 2702 est
1061 2641 1168 2702 lllriaui
1196 2643 1309 2702 mentio

138 2741 370 2822 pertinebatque
394 2743 429 2804 ad
460 2761 484 2802 v.
507 2739 592 2804 2832
638 2743 712 2804 Nam
742 2743 899 2805 aberrasse
927 2745 984 2804 hoc
1017 2743 1153 2804 scholion
1181 2763 1198 2802 a
1226 2749 1309 2802 reolo

138 2845 222 2920 loco,
248 2861 284 2903 eo
306 2863 425 2924 quoque
448 2846 658 2914 confirmatur,
682 2846 760 2924 quod
778 2865 813 2906 ex
829 2845 974 2906 Dindorlii
999 2846 1173 2906 testimonio
1195 2844 1226 2904 in
1241 2844 1307 2903 cod.

138 2946 165 3005 ll
194 2945 267 3006 haec
300 2947 390 3006 verba
424 2949 523 3008 versui
552 2949 755 3026 superscripta
790 2955 860 3007 sunt
890 2965 1019 3008 amanu
1051 2946 1196 3014 secunda,
1231 2963 1307 3024 quae

138 3049 229 3126 spatii
252 3050 400 3108 rationem
424 3047 535 3108 hahere
559 3047 703 3117 dohehal;
733 3049 784 3108 sed
808 3048 886 3128 quod
911 3047 1052 3110 Cohelius
1075 3047 1111 3107 de
1134 3064 1222 3106 versu
1244 3041 1308 3106 283

138 3152 264 3227 cogitat,
287 3149 316 3208 id
339 3150 413 3210 milri
438 3168 542 3229 parum
567 3149 711 3211 credibile
735 3158 793 3220 est,
818 3169 884 3210 cum
902 3150 995 3210 multo
1018 3154 1150 3231 praestet
1172 3147 1306 3208 scholion

138 3251 175 3312 ad
198 3271 224 3310 r.
248 3247 311 3312 278
335 3247 468 3322 referre,
493 3254 603 3332 quippe
632 3253 683 3332 qui
710 3269 828 3312 versum
851 3248 915 3312 279
942 3251 1075 3330 proxime
1099 3249 1255 3310 antecedat
1277 3255 1308 3308 et

138 3357 203 3413 sine
227 3355 393 3415 sententiae
417 3353 603 3414 incommodo
627 3353 762 3415 exsulare
785 3354 893 3434 possit,
922 3353 953 3413 id
977 3352 1055 3432 quod
1080 3358 1201 3431 praeter
1224 3351 1305 3412 lmm.

138 3455 346 3516 Bellienum
371 3458 460 3516 etiam
483 3456 556 3516 Lud.
581 3456 878 3516 Fr·iedlaendero
902 3458 996 3516 visum
1018 3461 1077 3523 est,
1101 3455 1152 3534 qui
1176 3457 1207 3514 iu
1223 3453 1306 3514 Auel.

138 3557 224 3618 llum.
251 3556 364 3636 (Jahrb.
389 3559 409 3618 l.
434 3558 519 3618 class.
544 3557 650 3618 Philol.
681 3557 784 3636 Suppl.
808 3557 848 3616 lll
870 3577 897 3637 p.
921 3553 994 3634 478)
1024 3555 1061 3615 de
1089 3557 1228 3616 universo
1250 3555 1307 3614 hoc

27 3649 30 3658 ’
138 3659 204 3719 loco
226 3659 375 3740 prolixius
398 3659 560 3740 disputavit
583 3667 612 3718 et
635 3661 664 3718 in
689 3665 749 3718 totu
765 3659 916 3719 Minervae
938 3660 1073 3718 oratione
1097 3666 1158 3718 tres
1174 3657 1306 3716 diversas

137 3763 333 3822 recensiones
362 3763 576 3823 contaminatas
610 3780 674 3822 esse
709 3761 873 3822 contendit.
917 3760 1016 3820 Voluit
1044 3765 1143 3819 autem
1171 3758 1307 3818 Rhiauus

137 3866 204 3924 siue
228 3861 320 3923 dubio
343 3864 516 3924 ‘molestam
539 3863 619 3924 illam
642 3865 849 3923 iterationem'
873 3862 993 3933 tollere,
1022 3881 1080 3942 qua
1108 3863 1219 3922 lactum
1250 3867 1305 3929 est,

13 3973 23 4002 '
137 3973 170 4026 ut
192 3965 281 4045 pardo
303 3974 372 4045 post
394 3983 497 4027 versus
519 3966 635 4044 legatur
657 3965 796 4025 similiter
823 3965 933 4024 cadens
955 3965 1058 4043 etqui
1082 3962 1119 4023 ab
1143 3981 1193 4032 eo,
1217 3979 1305 4040 quem

136 4067 303 4137 damnavit,
332 4070 494 4147 postremis
522 4075 635 4128 tantum
665 4066 764 4126 verbis
792 4067 1005 4144 distinguatur:
1044 4085 1070 4124 r.
1092 4061 1156 4123 292
1177 4059 1305 4124 πολλὰ

13 4229 17 4238 ,
135 4167 236 4248 μάλ’,
261 4165 356 4232 dcco
378 4168 500 4251 ἔοικε,
523 4169 575 4232 καὶ
597 4165 688 4246 ἀνέρι
708 4165 828 4246 μητέρα
850 4171 971 4232 δοῦναι.

1068 4283 1103 4334 31
