3124 4682
777 263 816 328 12

198 491 253 539 ¹-
283 462 316 516 ut
343 457 482 517 Meinelii
512 457 602 518 verba
631 437 751 518 afferam
780 491 820 499 —-
850 457 934 515 ‘cum
970 458 1036 516 eius
1064 454 1159 516 studia
1187 459 1378 534 grammatica

216 559 341 618 maxime
371 559 405 618 ad
435 559 528 618 crisin
557 560 724 620 carminum
753 553 980 618 Homericorum
1008 559 1208 637 pertinerent,
1238 578 1297 620 non
1324 579 1378 640 po-

214 661 270 720 tuit
292 660 348 719 alio
371 659 458 720 facile
488 659 553 720 loco
582 678 615 720 ea
645 659 700 720 sthi
717 676 897 738 'comparare
926 658 1055 720 subsidia
1084 660 1236 720 doctrinae
1265 662 1378 723 studio-

216 780 342 840 rumque
366 761 558 831 adminicula,
588 779 663 841 quae
693 762 748 821 nisi
778 779 845 821 eum
875 760 1028 821 veteribus
1054 761 1197 840 exemplis
1218 765 1379 824 temerario

214 863 342 942 quodam
365 863 489 923 arbitrIo
511 863 542 922 in
559 863 688 952 Homero
712 870 877 940 grassatum
900 879 965 922 esse
988 863 1105 933 credas,
1129 881 1252 942 prorsus
1274 883 1379 926 neces·

214 967 293 1024 saria
322 969 422 1025 sunt’.
467 965 569 1044 Neque
599 982 668 1024 vero
697 965 727 1023 in
757 964 886 1024 editione
915 963 1058 1038 iacienda„
1077 983 1144 1024 eum
1173 965 1228 1025 soli
1255 965 1378 1026 arbitrio

214 1086 268 1128 suo
290 1067 463 1136 indulsisse,
487 1067 567 1127 nullo
590 1065 721 1125 adhibito
737 1073 880 1144 apparatu
896 1066 1015 1140 critico,
1041 1065 1091 1125 sed
1116 1066 1213 1144 potIus
1236 1075 1281 1126 sat
1304 1068 1378 1128 mul·

214 1176 259 1230 tas
281 1168 426 1228 editiones
447 1175 563 1228 veteres
586 1167 749 1245 inspexisse
777 1166 884 1237 videri,
912 1167 989 1226 lnlre
1018 1166 1140 1227 uberius
1163 1167 1378 1229 demonstrabi-

218 1277 274 1330 tur.
299 1268 391 1340 Quam
415 1271 575 1331 editionem
598 1270 623 1328 si
646 1269 676 1328 in
700 1269 785 1329 Creta
809 1269 943 1336 lecisset,
973 1286 1031 1328 non
1055 1266 1262 1329 Alexandriam
1292 1289 1325 1331 ea
1348 1271 1377 1331 iu

197 1365 320 1432 'manus
335 1371 550 1450 Aristophanis,
568 1369 744 1438 Aristarchi,
762 1367 886 1448 allorum
901 1369 1160 1447 grammaticorum
1171 1371 1308 1440 venisset,
1326 1373 1377 1432 sed

214 1473 370 1533 Homerica
387 1473 450 1532 eius
467 1471 562 1531 studia
579 1471 679 1532 orttica
697 1488 776 1530 nunc
792 1487 850 1530 non
865 1472 964 1530 minus
975 1471 1005 1530 in
1018 1469 1133 1532 occulto
1148 1471 1274 1533 laterent
1290 1492 1377 1552 quam

215 1575 358 1651 sagacitas
385 1572 446 1632 ludi
469 1573 601 1650 magistri
624 1573 704 1633 illius
733 1571 933 1642 Atheniensis,
963 1573 1013 1651 qui
1035 1572 1198 1634 Homerum
1221 1593 1236 1632 a
1259 1592 1290 1633 se
1314 1575 1378 1654 ipso

214 1675 403 1735 emendatum
426 1673 568 1736 Alcibiadi
590 1673 694 1734 obtulit
716 1673 780 1750 (cfr.
798 1671 917 1734 Woltius
940 1672 1051 1752 proleg.
1077 1694 1105 1753 p.
1124 1670 1205 1753 169).
1229 1676 1270 1734 Ac
1292 1695 1377 1756 prae·

215 1784 297 1838 terea
321 1776 398 1855 quod
414 1775 562 1844 RhiauuS,
588 1794 654 1835 cum
670 1776 815 1854 poeticam
838 1782 933 1836 artem
948 1775 1110 1844 lectitaret,
1135 1793 1170 1838 ea
1192 1777 1378 1855 potissimum

214 1896 324 1956 genera
348 1883 475 1938 sectatus
498 1885 555 1946 est,
580 1895 655 1956 quae
678 1877 728 1936 illo
752 1886 883 1956 tempore
907 1878 970 1936 sere
993 1877 1092 1936 solea
1114 1879 1212 1956 poetis
1234 1879 1379 1940 industrIe

215 1981 437 2050 excolerentur,
469 1977 653 2040 eruditorum
677 1979 822 2038 lectorum
851 1979 951 2039 lavore
980 1978 1219 2050 celebrarentur,
1249 1981 1379 2042 carmina

215 2081 314 2160 opica,
344 2079 594 2160 ethuographica,
626 2081 852 2160 epigrammata,
883 2081 911 2140 id
942 2087 1116 2158 argumento
1140 2089 1200 2150 est,
1230 2101 1297 2143 eum
1320 2103 1380 2144 non

214 2185 243 2243 in
267 2182 316 2244 illa
344 2181 476 2262 βιβλίων
504 2179 616 2264 ἐρημίᾳ
650 2174 784 2243 Cretensi
812 2199 868 2242 nec
894 2189 1040 2243 remotum
1064 2201 1080 2242 a
1108 2183 1321 2244 consuetudme
1350 2193 1380 2245 et

215 2285 393 2346 commercio
416 2303 484 2345 cum
507 2285 617 2363 poetis,
641 2285 692 2362 qui
715 2291 778 2344 tum
802 2285 926 2344 maxima
948 2284 1035 2344 laude
1051 2285 1206 2354 florerent,
1230 2286 1260 2346 in
1284 2287 1379 2348 studia

215 2388 329 2465 poetica
351 2385 525 2446 incumbere
554 2385 695 2463 potuisse.
740 2385 872 2462 Cumque
901 2383 1097 2454 carminibus
1126 2405 1201 2465 quae
1230 2387 1380 2449 derebus

215 2487 415 2556 Achaeorum,
451 2485 675 2553 Thessalorum,
710 2485 848 2546 Eleorum
883 2487 1063 2564 composuit,
1104 2487 1195 2548 multa
1228 2495 1379 2558 tractaret,

215 2609 290 2668 quae
313 2607 349 2650 ex
372 2587 476 2649 harum
499 2589 633 2664 gentium
656 2586 827 2664 genealogia
855 2587 1004 2657 sabulosa,
1033 2589 1228 2667 geographia,
1258 2589 1380 2651 historia

214 2693 307 2770 petita
331 2696 444 2758 essent,
469 2707 572 2748 earum
594 2705 696 2748 rerum
719 2689 849 2748 omnium
873 2689 1070 2766 cognitionem
1093 2691 1151 2750 ulsi
1175 2691 1274 2751 multis
1297 2691 1381 2752 libris

215 2793 317 2854 sedulo
340 2791 479 2871 perlectis
502 2798 551 2850 aut
573 2789 633 2850 lllis
655 2789 828 2867 regionibus
850 2790 991 2851 Graeciae
1014 2795 1183 2870 peragratis
1206 2811 1380 2872 comparare

215 2914 274 2954 non
297 2899 432 2972 poterat;
462 2893 710 2971 epigrammatum
733 2909 804 2952 vero
828 2900 1004 2970 argumenta
1028 2895 1160 2972 exceptis
1182 2911 1257 2972 quae
1279 2895 1309 2954 in
1333 2913 1380 2955 re·

215 2996 272 3056 bus
295 2995 445 3054 amatoriis
467 2999 637 3062 versantur,
661 3011 719 3052 uon
736 2993 896 3053 eiusmodi
919 3001 1001 3063 sunt,
1027 3002 1058 3054 ut
1080 2996 1109 3054 in
1126 2995 1212 3055 Creta
1236 3014 1302 3056 eum
1327 3015 1380 3074 pu-

216 3098 324 3157 taveris
346 3097 415 3157 talia
439 3095 536 3156 animo
565 3095 751 3173 concepisse,
786 3101 873 3173 atque
897 3114 933 3154 ex
962 3095 1079 3156 dicendi
1108 3113 1219 3172 genere
1248 3096 1381 3178 apparet,

180 3191 184 3200 ’
216 3219 283 3260 eum
307 3215 365 3258 non
388 3197 511 3257 Homeri
540 3196 643 3263 modo,
675 3195 726 3256 sed
749 3196 837 3256 etiam
860 3195 995 3267 Hesiodi,
1025 3197 1159 3266 Pindari,
1189 3197 1380 3276 Theognidis,

215 3301 366 3380 Aeschyli,
393 3301 515 3360 aliorum
539 3305 694 3376 poetarum
716 3297 794 3358 haud
822 3297 982 3377 inperitum
1005 3300 1113 3367 luisse,
1137 3305 1239 3378 utpote
1255 3319 1380 3379 quorum

215 3421 281 3463 cum
305 3401 467 3461 sententias
496 3409 558 3460 tum
581 3399 723 3460 vocabula
752 3402 781 3460 in
805 3419 891 3460 usum
916 3419 1002 3460 suum
1025 3399 1175 3460 interdum
1192 3403 1380 3463 converterit,

215 3505 267 3565 His
295 3510 393 3564 autem
422 3502 604 3578 argumentis
632 3509 854 3580 peropportune
884 3503 1046 3572 succurrit,
1075 3503 1153 3581 quod
1177 3501 1308 3564 Rhianus
1331 3504 1381 3564 de·

215 3689 418 3699 ..-...—-——

215 3805 250 3859 ad
268 3803 358 3873 Apoll.
376 3801 466 3856 Rhod.
491 3821 517 3870 p.
535 3800 662 3854 LXXIII:
694 3800 771 3855 ‘Nec
788 3800 928 3855 Rhianum
951 3801 1099 3870 probabile
1122 3805 1165 3856 est
1185 3801 1214 3854 in
1233 3803 1317 3856 Creta
1335 3804 1384 3857 aut

206 3889 243 3942 sin
260 3887 372 3942 Aetolia
389 3887 604 3954 grammatIeum
621 3885 801 3939 Homericum
819 3885 930 3953 egisse’,
949 3885 997 3939 ubi
1019 3900 1148 3954 quorsum
1168 3888 1288 3956 spectet,
1308 3887 1384 3955 quod

214 3973 244 4026 in
262 3971 404 4026 Aetoliam
422 3969 562 4024 Rhianum
579 3969 718 4034 traduxit,
746 3985 802 4022 non
820 3969 962 4038 intellego.
1000 3969 1078 4023 Idem
1095 3988 1122 4039 p.
1141 3969 1193 4024 XV
1211 3969 1290 4035 dicit,
1314 3970 1382 4025 satis

214 4055 362 4128 probabile
380 4071 454 4121 esse,
473 4071 530 4108 non
548 4053 639 4108 solum
657 4054 837 4123 Apollonium
855 4060 884 4108 et
901 4054 1109 4120 Aristarchum,
1131 4055 1180 4109 sed
1198 4055 1282 4110 etiam
1300 4055 1384 4109 Rhia-

214 4159 281 4194 num
305 4141 484 4195 ‘Ptolemaeo
503 4139 682 4209 Philopatore
705 4137 880 4208 potissimum
903 4140 1055 4208 regnante’
1080 4143 1235 4206 (all-204)
1264 4141 1383 4194 Alexan-

215 4225 305 4281 driam
322 4225 438 4280 venisse.
