3124 4682
786 287 910 382 24,-

276 480 449 539 testimonio
476 473 598 546 Ρ646,
633 475 683 536 ubi
707 477 780 538 Aiax
802 476 899 536 lovem
923 476 1086 556 implorans
1107 485 1262 556 precatur:
1296 473 1362 539 Ζεῡ
1384 475 1450 539 πά-

276 599 347 660 τερ,
370 576 454 641 ἀλλὰ
477 576 513 642 cir
537 575 626 654 ῥῦιαι
641 576 703 641 ὑπ’
725 575 819 654 ἠέροε
844 573 914 640 υἷα(
934 575 1087 658 Ἀχαιῶν,
1110 574 1245 654 ποῖηεον
1261 575 1296 640 δ’
1318 574 1447 658 αἴθρην,

277 679 334 744 hoc
356 677 580 758 ὀφθαλμοῖςιν
593 677 724 743 ἰδέεθαι·
753 677 788 742 ἐν
811 679 847 742 δὲ
869 677 945 758 φάει
967 678 1019 742 καὶ
1039 675 1173 743 ὄλεεεον
1196 686 1254 740 cet,
1277 678 1351 740 Nam
1376 699 1447 741 cum

277 781 420 843 hocloco
448 779 541 858 αἴθρη
570 799 765 861 synonymum
793 783 832 842 sit
857 784 938 843 vocis
965 779 1066 863 mdoc,
1096 783 1279 843 contrarium
1306 781 1449 859 caliginis

277 884 323 944 vel
345 883 552 952 tenebrarum,
577 882 685 960 quihus
707 883 885 944 Achivorum
909 883 984 944 oculi
1000 892 1211 953 occaecantur,
1235 902 1295 944 non
1318 882 1446 944 dubium

279 993 323 1046 est
356 987 429 1064 quin
458 984 649 1064 splendorem
677 985 791 1045 indicet
813 1003 881 1046 eum
914 987 965 1064 qui
999 982 1126 1062 αἰθέροε
1155 987 1297 1064 proprius
1330 992 1376 1045 est
1398 985 1448 1044 vel

279 1087 316 1148 ab
333 1087 453 1148 aethere
469 1088 685 1166 proficiscitur,
709 1093 739 1146 et
760 1087 839 1146 idem
856 1086 950 1147 valeat
972 1105 1006 1151 ac
1029 1088 1054 1146 si
1070 1085 1254 1147 Aiaxlovem
1277 1093 1377 1163 roget:
1395 1087 1447 1146 lac

278 1195 311 1249 ut
333 1185 392 1250 ὑπ’
414 1185 516 1264 αἰθέρι
538 1205 705 1267 pugnemus
734 1186 767 1266 (Ρ
788 1184 871 1264 371).
916 1187 974 1248 Sed
1005 1186 1130 1249 alterum
1160 1206 1278 1248 versum
1300 1187 1449 1248 Lehrsius

278 1309 336 1350 non
359 1281 512 1358 tractavit,
542 1289 594 1368 qui
623 1288 775 1349 difficilior
802 1295 849 1349 est
877 1290 913 1349 ad
941 1289 1217 1368 interpretandum:
1249 1289 1285 1348 de
1313 1287 1448 1350 Planctis

277 1393 358 1452 enirn
382 1391 508 1468 legimus
530 1409 551 1466 μ
575 1387 616 1451 75
639 1387 670 1451 oi
693 1389 729 1453 δὲ
752 1388 819 1452 λύω
847 1389 1011 1474 εκάπελοι·
1042 1387 1060 1452 ὁ
1091 1389 1147 1466 μὲν
1164 1387 1351 1466 ,οὐρανὸν
1380 1386 1448 1452 εὐ-

278 1491 350 1568 ρὺν
372 1488 472 1554 ἴκάνει
500 1488 584 1572 ὀξείῃ
607 1494 749 1573 κορυφῇ,
780 1489 902 1572 νεφέλη
930 1489 965 1554 δέ
996 1509 1047 1568 μιν
1068 1488 1281 1570 ἀμφιβέβηκεν
1309 1488 1449 1566 κυανέη·

277 1593 315 1657 τὸ
339 1593 396 1671 μέν
419 1585 557 1656 οὔποτ’
587 1591 696 1672 ἐρωεῖ,
721 1591 798 1656 οὐδέ
820 1591 900 1656 ποτ’
928 1589 1042 1670 αἴθρη
1069 1591 1176 1656 κείνου
1204 1589 1269 1670 ἔχει
1296 1592 1448 1670 κορυφὴν

278 1693 351 1758 οὔτ’
374 1692 409 1758 έν
432 1691 519 1772 θέρει
540 1691 613 1757 οὔτ’
635 1692 670 1758 έν
693 1692 815 1776 ὀπώρῃ.
850 1695 907 1754 Hic
929 1713 997 1755 cum
1020 1696 1104 1774 rupis
1126 1712 1269 1756 cacumen
1291 1697 1322 1754 in
1344 1695 1446 1773 ipsum

278 1793 420 1872 οὐρανόν
442 1803 601 1876 penetrare
625 1797 756 1866 dicatur,
780 1798 845 1858 lieri
868 1815 928 1856 non
951 1803 1049 1875 potest
1076 1798 1148 1876 quin
1171 1797 1293 1856 aethere
1317 1798 1448 1876 eiusque

278 1897 436 1977 splendore
470 1897 500 1958 h.
525 1917 551 1958 e.
586 1894 679 1980 αἴθρῃ
712 1897 995 1966 circumfundamus
1019 1915 1091 1975 ergo
1119 1899 1178 1958 nisi
1210 1899 1444 1977 repugnantiam

277 1999 494 2060 intolerabilem
517 2001 549 2059 in
572 1999 620 2060 his
647 1998 784 2060 versibus
811 2002 911 2060 inesse
933 1999 1082 2068 volumus,
1111 1999 1299 2060 statuendum
1324 2007 1369 2060 est
1392 2007 1448 2060 aut

277 2119 419 2162 cacumen
443 2101 600 2180 splendere
623 2099 744 2180 quidern
767 2103 928 2163 serenitate
959 2101 1108 2171 aetheria,
1136 2101 1188 2162 sed
1216 2119 1288 2180 prae
1312 2099 1447 2162 nubibus

276 2205 445 2282 perpetuis,
476 2201 584 2281 quihus
606 2202 703 2263 media
725 2221 816 2282 rupes
839 2201 909 2281 (μιν)
938 2200 1075 2263 obvoluta
1103 2209 1255 2272 teneatur,
1285 2202 1323 2262 ab
1345 2203 1446 2263 homi·

277 2303 367 2364 nibus
388 2322 539 2383 nunquam
562 2321 648 2383 posse
677 2305 825 2382 conspici,
855 2313 905 2366 aut
934 2303 1024 2364 verba
1040 2299 1194 2380 ,οὐρανὸν
1223 2299 1320 2380 εὐρὺν
1341 2299 1448 2368 ἱκάνει

277 2408 403 2486 κορυφῇ
428 2405 469 2464 sic
491 2405 691 2482 intellegenda
714 2423 796 2474 esse,
820 2412 853 2465 ut
874 2423 1018 2466 cacumen
1046 2424 1104 2466 non
1128 2405 1204 2466 ultra
1226 2405 1322 2466 nubes
1345 2407 1448 2486 ipsum

277 2503 421 2583 οὐρανόν
443 2507 581 2582 tangere,
604 2506 656 2566 sed
672 2525 765 2586 usque
788 2505 824 2566 ad
848 2508 1008 2568 confinium
1032 2507 1104 2568 illud
1120 2506 1244 2567 nubium
1268 2515 1297 2568 et
1312 2507 1450 2569 aetheris

277 2609 431 2686 pertinere
454 2607 581 2686 ideoque
604 2609 701 2686 ipsum
717 2607 849 2668 nubibus
863 2607 1036 2688 coopertuhr
1052 2615 1082 2668 et
1097 2607 1134 2668 ab
1149 2608 1304 2670 hominurn
1320 2617 1447 2689 aspectu

276 2709 454 2770 occultatum
478 2725 543 2770 esse
564 2710 737 2786 cogitemus.
1207 2757 1208 2764 ,

362 2809 406 2870 Ex
429 2809 477 2870 his
499 2811 593 2887 igitur
615 2810 755 2872 omnibus
776 2811 851 2872 haec
866 2811 1005 2872 videntur
1026 2818 1107 2872 recte
1129 2811 1281 2873 concludi:
1310 2815 1448 2891 primum

277 2907 388 2988 αἰθέρα
421 2929 487 2972 esse
528 2917 597 2972 aera
637 2909 833 2982 altissimum,
872 2931 1026 2982 serenum,
1066 2913 1287 2993 splendentem,
1327 2910 1447 2991 αἴθρην

276 3012 366 3073 huius
388 3013 519 3073 aetheris
541 3015 732 3076 serenitatem
756 3022 786 3074 et
807 3014 1013 3094 splendorem;
1041 3013 1149 3076 deinde
1172 3011 1286 3090 αἴθρην
1308 3021 1342 3075 ut
1364 3019 1447 3076 acci-

278 3113 388 3174 densa
411 3114 590 3184 substantia,
615 3117 659 3175 sic
681 3115 718 3176 ah
741 3116 862 3178 aethere
886 3119 1020 3196 separari
1042 3136 1102 3177 non
1125 3134 1229 3196 posse,
1261 3117 1314 3178 sed
1336 3135 1448 3178 neces-

276 3217 355 3276 sario
386 3234 454 3276 cum
483 3236 517 3277 eo
545 3219 743 3279 coniunctam·
761 3236 841 3288 esse;
875 3218 1004 3296 denique
1033 3215 1143 3295 αἰθέρα
1170 3217 1258 3295 longo
1286 3219 1449 3281 intervallo

275 3317 304 3376 h.
330 3336 356 3377 e.
379 3317 511 3379 nubibus
533 3326 563 3378 ct
584 3325 653 3379 aere
677 3320 844 3380 interiectis
872 3339 888 3380 a
911 3327 992 3380 terra
1020 3319 1180 3382 disclusam
1209 3338 1274 3380 esse
1302 3337 1359 3379 nec
1382 3319 1449 3382 ullo

276 3419 362 3479 modo
385 3437 449 3479 eam
473 3421 661 3496 contingere,
685 3416 798 3496 αἴθρην
821 3420 858 3482 ab
882 3421 1002 3482 aethere
1025 3423 1113 3498 longe
1137 3437 1276 3482 emanare
1299 3427 1330 3480 et
1351 3421 1448 3482 nubi-

276 3519 332 3580 hus
355 3519 507 3598 dissipatis
529 3526 563 3580 et
582 3523 666 3600 quasi
689 3521 763 3582 caeli
793 3524 888 3600 portis
916 3524 1028 3601 apertis
1055 3541 1150 3602 usque
1179 3523 1214 3582 ad
1238 3529 1348 3583 terram
1371 3540 1449 3601 per-

277 3623 372 3680 tinere
397 3627 426 3680 et
447 3639 497 3682 res
519 3628 679 3682 terrestres
707 3641 811 3682 serena
844 3623 909 3683 luce
932 3623 1114 3685 collustrare.
1161 3623 1240 3693 Quas
1269 3623 1307 3682 oh
1336 3641 1450 3686 causas

276 3723 427 3782 latendum
457 3730 517 3792 est,
552 3723 708 3784 lectionem
743 3721 835 3800 αἰθήρ
863 3731 965 3784 nostro
994 3725 1059 3786 loco
1087 3733 1146 3784 non
1175 3721 1251 3792 male
1280 3743 1295 3784 a
1325 3723 1450 3788 lihiano

276 3822 466 3883 substitutam
489 3841 569 3894 esse,
593 3823 730 3903 quoniam
754 3825 806 3886 ubi
830 3823 921 3902 αἰθήρ
944 3832 1006 3895 est,
1036 3828 1205 3887 necessario
1228 3828 1317 3886 etiam
1340 3827 1449 3904 splen-

168 3985 172 3994 ,
275 3923 329 3984 dor
351 3926 417 3984 eius
438 3924 467 3984 lr.
492 3943 518 3984 e.
542 3921 634 4001 αἴθρη
657 3945 721 3986 esse
745 3925 848 3997 debet,
878 3935 908 3986 et
929 3925 1006 4004 quod
1031 3926 1154 3987 deorum
1178 3927 1362 3987 domicilium
1386 3948 1451 3990 nee

274 4032 450 4104 tempestate
473 4025 589 4086 turbari
611 4045 666 4086 nec
689 4027 786 4088 imbre
809 4035 860 4089 aut
881 4029 948 4087 nive
971 4029 1063 4106 rigari
1087 4029 1199 4088 dicitur
1221 4034 1252 4087 et
1273 4024 1376 4104 αἰθήρ
1390 4048 1450 4110 ap-

274 4126 402 4208 pellatur
425 4124 600 4206 ἀνέφελος,
624 4127 654 4188 id
678 4131 787 4188 eximie
810 4130 949 4206 congruit
971 4147 1038 4189 curn
1062 4130 1115 4198 iis,
1139 4147 1214 4208 quae
1238 4145 1327 4207 supra
1351 4149 1452 4210 expo-

276 4230 331 4288 sita
355 4237 436 4298 sunt;
466 4247 522 4289 nec
545 4248 615 4289 vero
638 4231 697 4310 ipsi
720 4231 844 4290 Lehrsio
867 4223 975 4290 lihiani
1004 4229 1093 4290 lectio
1108 4234 1175 4290 'non
1197 4230 1357 4308 probatur,
1390 4240 1454 4314 qui
