3112 4684
786 307 938 405 je—

324 500 385 564 130
407 504 445 581 βῆ
468 501 501 565 δ’
522 497 608 579 ἴμεν,
634 495 713 562 ὥετε
735 494 826 560 λέων
843 493 1068 576 ὀρεείτροφοε,
1091 491 1162 558 ἀλκὶ
1184 494 1359 572 πεποιθώε,

407 601 477 666 dcr’
500 600 561 666 elc'
583 597 721 679 ὑόμενοι
743 597 793 664 καί
815 594 967 676 ἀήμεναι·
991 595 1025 660 ἐν
1049 594 1085 659 δέ
1108 593 1138 660 ol
1160 592 1232 660 ὄττε

407 703 540 768 δαίεται·
564 701 686 780 αὐτὰρ
708 698 727 764 ὁ
751 699 859 780 βουεί
881 697 1063 778 μετέρχεται
1085 697 1104 775 ἢ
1127 695 1239 762 ὀίεττιν

405 802 443 882 ἠὲ
466 803 536 884 μετ’
557 801 734 882 ἀγροτέρα(
757 800 915 881 έλὰφουτ·
938 799 1062 892 κέλεται
1084 797 1120 864 δέ
1143 797 1158 862 ἑ
1180 800 1298 877 γαττήρ
1322 809 1378 862 cet.

280 909 378 970 Sclrol.
399 905 524 970 Ῥιανὸε
546 903 669 982 αὐτὰρ
692 901 810 984 βουεί.
833 903 865 964 Ρ.
911 903 1013 964 Noluit
1035 902 1169 964 Rhianus
1198 902 1365 964 subiectum
1389 905 1449 964 ite·

279 1012 356 1079 rari;
380 1028 413 1070 ac
435 1010 569 1088 prolecto
593 1010 703 1068 omisso
725 1007 776 1067 illo
799 1003 818 1068 ὁ
841 1023 929 1065 nemo
952 1003 1120 1065 subiectum
1148 1004 1345 1076 desiderabit,
1375 1023 1447 1067 cum

278 1110 395 1172 leonem
418 1110 552 1188 intellegi
582 1128 636 1189 per
665 1127 697 1170 se
724 1109 915 1188 perspicuum
945 1107 984 1166 sit
1013 1114 1043 1165 et
1076 1105 1154 1185 apud
1183 1106 1344 1167 Homerum
1373 1107 1448 1168 sub-

279 1216 404 1283 iectum,
427 1215 517 1272 etiam
541 1210 592 1271 ubi
615 1229 675 1270 nou
698 1210 883 1287 significetur
905 1207 1049 1285 singulari
1079 1207 1238 1279 vocabulo,
1269 1211 1448 1288 saepissime

279 1315 388 1375 variari
410 1319 535 1375 constet.
580 1312 689 1372 Verum
718 1319 817 1371 tamen
840 1309 912 1389 quid
935 1308 1082 1369 Rhianum
1107 1311 1249 1379 moverit,
1280 1329 1341 1370 non
1371 1314 1449 1372 satis
1545 1309 1546 1318 ’

279 1417 387 1495 liquet,
411 1415 588 1494 praesertim
611 1431 679 1473 cum
701 1430 820 1473 versum
837 1412 999 1471 mutatione
1023 1413 1087 1470 cius
1110 1412 1266 1491 depravari
1289 1413 1377 1473 facile
1401 1414 1448 1474 di·

279 1535 343 1586 cas;
367 1523 448 1577 certe
471 1534 574 1576 versus
602 1515 711 1575 ceteris
733 1513 861 1592 pedibus
884 1512 1046 1592 dactylicus
1069 1513 1160 1573 inlato
1183 1515 1315 1592 spondeo
1342 1517 1449 1576 minus

279 1635 438 1678 numerose
461 1618 568 1678 cadere
592 1617 716 1677 videtur.
762 1615 820 1675 Sed
844 1617 961 1675 aurium
994 1613 1107 1674 iudicio
1136 1621 1253 1676 veteres
1281 1634 1340 1676 non
1368 1635 1448 1678 nun-

279 1737 365 1800 quam
389 1720 447 1780 alio
470 1737 558 1799 quam
581 1737 636 1778 nos
665 1720 711 1778 usi
734 1724 816 1784 sunt,
845 1735 912 1776 nam
942 1715 1034 1776 habes
1061 1716 1229 1794 exemplum
1259 1717 1447 1778 simillimum
1545 1701 1546 1714 ¹

279 1840 290 1882 ι
311 1816 374 1881 434
390 1818 512 1898 κείμην·
536 1817 636 1897 αὐτὰρ
652 1817 757 1897 χεριίν
772 1815 881 1880 ἀώτου
896 1814 1089 1899 θετπεείοιο,
1111 1837 1200 1898 quem
1217 1837 1336 1880 versum
1352 1822 1447 1881 etiam

278 1925 378 1984 minus
400 1921 593 1983 volubilitatis
614 1921 725 1982 hahere
749 1915 884 1999 patet.⁵²)

228 2015 271 2082 37
364 2020 476 2085 0299.
521 2024 599 2086 Mars
627 2031 657 2085 et
678 2022 779 2082 Venus
806 2020 937 2080 sollertia
966 2018 1088 2080 Vulcani
1117 2027 1176 2081 tam
1211 2023 1284 2082 artis
1318 2024 1449 2085 vinculis
1545 2043 1546 2070 ι

280 2125 467 2186 circumclusi
496 2132 581 2196 suut,
611 2131 645 2186 ut
673 2125 814 2201 effugium
849 2140 908 2182 non
936 2119 1066 2182 habeant
1099 2129 1130 2182 et
1157 2123 1280 2184 deorum
1310 2127 1447 2187 omnium

279 2229 453 2304 conspectui
468 2234 506 2294 ,et
528 2229 633 2287 irrisui
656 2231 857 2304 exponantur:
938 2277 939 2280 ,

405 2326 551 2392 scindre
574 2327 612 2404 δὴ
635 2326 831 2406 γίγνωτκον,
856 2323 908 2388 ὅτ’
930 2321 1036 2388 οὐκέτι
1058 2325 1163 2404 φυκτὰ
1185 2325 1367 2391 πέλοντο.
1477 2337 1489 2363 ³

279 2430 377 2492 Schol.
401 2427 589 2493 πέλοντο·
611 2427 736 2492 Ῥιανὸε
759 2427 876 2491 πέλοι
897 2425 1023 2506 γράφει.
1046 2428 1080 2488 Η.
1119 2428 1177 2487 Ριο
1201 2427 1255 2488 λου
1284 2431 1446 2508 scriptura,

278 2551 364 2611 quae,
389 2550 457 2592 cum
474 2540 570 2592 metro
585 2531 672 2610 plane
695 2538 857 2610 repugnet,
882 2531 1039 2590 manifesta
1062 2528 1128 2590 labe
1151 2535 1268 2608 turpata
1292 2538 1344 2600 est,
1368 2531 1446 2592 Por·

278 2651 331 2692 son
361 2631 557 2693 coniectando
589 2630 753 2694 πέλοιτο
786 2633 935 2710 reposuit,
969 2631 1048 2710 quod
1081 2632 1106 2690 si
1133 2650 1166 2691 re
1195 2649 1264 2691 vera
1287 2651 1303 2692 a
1325 2631 1447 2694 Rhiano

277 2736 445 2814 proiectum
468 2742 527 2805 est,
551 2735 577 2795 is
599 2742 649 2794 aut
671 2734 754 2794 verbi
776 2751 933 2794 numerum
950 2733 1095 2812 pluralem
1118 2752 1185 2793 cum
1202 2740 1308 2794 neutro
1331 2752 1447 2812 genere

277 2838 469 2896 coniunctum
498 2843 550 2896 aut
577 2835 771 2896 indicativum
799 2836 872 2896 ierri
899 2853 986 2915 posse
1014 2836 1142 2912 negarit.
1187 2837 1223 2896 nt
1250 2835 1448 2898 vehementer

276 2937 444 2997 mirandum
467 2945 561 3007 esset,
591 2939 616 2998 si
638 2936 802 3007 Rhianum,
831 2945 949 3015 poetam
979 2935 1060 2996 illum
1090 2937 1207 3014 epicum
1237 2944 1267 2995 et
1289 2937 1447 2999 Homerici

276 3037 395 3099 dicendi
410 3041 531 3116 generis
546 3039 772 3117 peritissimum,
785 3040 921 3116 fugisset,
933 3037 1096 3098 Homerum
1114 3037 1243 3098 nondum
1260 3041 1358 3098 teneri
1374 3038 1444 3118 lege

277 3159 326 3210 ea,
355 3159 412 3218 qua
441 3140 609 3202 subiectum
638 3143 736 3201 neutri
765 3142 885 3218 generis
911 3143 943 3200 in
971 3139 1079 3218 plurali
1107 3140 1237 3216 positum
1266 3138 1349 3199 verbi
1379 3143 1444 3201 sin·

276 3242 407 3319 gularem
434 3261 589 3303 numerum
618 3245 765 3304 asciscere
794 3242 884 3311 solet,
920 3248 950 3302 et
978 3247 1073 3300 metro
1102 3247 1236 3300 coactum
1265 3242 1445 3319 saepissime
1544 3229 1545 3250 ¹

274 3343 419 3421 pluralem
452 3362 612 3424 usurpare,
647 3344 682 3404 de
716 3361 774 3422 qua
807 3361 841 3403 re
874 3344 928 3404 cir.
962 3339 1044 3420 larga
1077 3341 1281 3420 exemplorum
1309 3345 1395 3422 eopia
1427 3363 1443 3404 a

275 3443 429 3523 llruegero
458 3462 503 3522 gr.
532 3463 576 3522 gr.
600 3444 628 3504 ll
650 3443 674 3523 5
696 3441 750 3513 63,
780 3440 817 3513 2,
842 3441 859 3503 1
887 3443 1024 3513 collecta,
1054 3461 1112 3522 qua
1139 3441 1287 3506 πέλεεθαι
1315 3443 1444 3505 verbum

275 3599 478 3608 ———-——

343 3678 386 3744 52)
406 3677 460 3732 cfr.
478 3676 566 3731 Maur.
595 3675 806 3730 Schmidtius
825 3675 1045 3732 ‘Arist-Homer.
1069 3675 1200 3729 Excurse’
1219 3673 1248 3730 in
1268 3675 1447 3734 Fleckeiseni

275 3762 366 3816 annal.
395 3767 460 3816 1855
491 3780 518 3832 p.
543 3767 605 3814 221:
637 3761 811 3829 ‘Vergleichi
832 3778 897 3815 man
920 3763 944 3816 Υ
972 3765 1004 3814 57
1027 3762 1057 3828 (Γ
1076 3762 1116 3827 18)
1149 3760 1201 3813 mit
1223 3766 1299 3815 1434
1326 3763 1444 3831 κείμην·

275 3846 365 3913 αὐτὰρ
383 3847 475 3913 χερτίν
493 3845 598 3912 ἀώτου,
616 3849 631 3902 Ζ
650 3851 697 3900 132
716 3846 787 3900 nach
805 3846 910 3900 [thiens
928 3845 1025 3899 Lesart
1046 3844 1165 3898 δαίεται·
1190 3846 1281 3912 αὐτὰρ
1304 3846 1395 3912 court,
1416 3851 1444 3904 Φ

274 3936 323 3984 299
342 3930 398 3984 und
423 3929 510 3984 findet
531 3929 654 3984 daselbst
676 3947 760 3998 sogor
781 3931 826 3986 die
844 3929 1053 4000 Interpunclion
1073 3928 1144 3983 noch
1163 3928 1226 3982 dem
1245 3929 1335 3983 ersten
1354 3929 1445 3986 Fusse

273 4013 388 4078 wieder,
411 4029 442 4067 so
459 4012 528 4068 wird
546 4031 612 4069 man
629 4014 703 4070 wohl
720 4015 799 4068 nicht
820 4014 988 4070 zweifelhaft
1010 4011 1080 4078 sein,
1103 4012 1168 4067 dass
1193 4030 1230 4066 an
1252 4011 1328 4066 einer
1351 4015 1447 4081 guten

273 4098 381 4154 Anzahl
398 4114 453 4153 von
471 4098 584 4164 Stellen,
603 4099 689 4154 deren
706 4099 864 4166 Rhythmus
882 4116 932 4152 uus
949 4097 1027 4151 nicht
1044 4096 1173 4166 behngen
1190 4096 1255 4162 will,
1278 4114 1363 4152 unser
1384 4099 1445 4156 Ta-

274 4182 327 4247 del,
345 4198 425 4236 wenn
444 4199 474 4237 er
491 4182 545 4238 den
562 4182 685 4238 Kritiker
702 4183 784 4244 trifft,
802 4182 851 4236 ihn
868 4182 1035 4250 wenigstens
1052 4180 1129 4234 nicht
1147 4181 1188 4236 als
1205 4180 1341 4237 Metriker
1358 4183 1448 4254 aiut,

274 4264 393 4319 sondern
410 4265 550 4322 vielleicht
567 4267 607 4322 als
624 4285 663 4320 zu
680 4267 886 4335 consequenten
904 4264 1129 4320 Grammatiker.’
1508 4263 1515 4273 “
