3124 4682
653 313 803 410 Q

142 506 264 584 saepius
287 506 459 564 nescimus'
490 502 563 563 Nam
581 506 660 564 inter
674 503 870 582 quadraginta
885 505 1015 583 quinque
1032 500 1174 562 lectiones
1189 503 1308 567 Rhiani.

142 625 219 686 quas
241 606 354 666 scholia
377 607 546 675 continent,
575 608 699 683 triginta
726 605 818 664 solius
840 604 949 664 Rhiani
979 605 1097 664 nomine
1126 606 1309 682 significatae

143 718 222 768 sunt.
269 706 348 777 Quas
374 713 476 768 utrum
505 726 521 766 e
549 709 721 770 coniectura
750 707 884 785 posuerit
917 723 953 766 an
982 703 1102 765 aliunde
1132 708 1308 785 susceperit,

142 816 305 890 procerte
333 809 476 870 allirmari
504 810 675 887 neutiquam
698 814 811 886 polest;
842 825 892 868 eas
921 814 1020 867 autem
1049 807 1207 883 lectiones,
1236 827 1310 886 quas

142 929 213 972 eum
256 912 418 970 vetustiore
462 909 558 988 aliqua
602 909 730 968 editione
774 925 944 968 communes
987 907 1127 968 babuisse
1170 909 1308 978 traditur,

141 1032 215 1074 num
239 1031 274 1072 ex
298 1012 353 1072 hac
376 1013 441 1090 ipsa
463 1011 613 1080 hauserit,
644 1011 730 1070 lacile
760 1012 792 1070 in
821 1008 944 1070 dubium
969 1011 1068 1069 vocari
1098 1013 1206 1088 possit,
1236 1030 1309 1091 quo·

141 1116 225 1174 niam
251 1132 305 1174 nec
327 1113 423 1192 planis
446 1111 546 1172 verbis
574 1111 723 1192 proditum
753 1113 792 1172 sit
820 1129 876 1170 nec
904 1129 971 1170 cum
1001 1112 1228 1188 argumentandi
1257 1130 1309 1172 ne-

141 1217 283 1277 cessitate
306 1216 400 1294 possit
423 1214 529 1274 evinci.
574 1211 677 1273 Nonne
700 1213 779 1283 enim
802 1213 868 1272 tieri
891 1219 1022 1291 poterat,
1046 1219 1079 1272 ut
1101 1211 1176 1272 alius
1200 1215 1310 1273 veteris

142 1315 324 1396 exemplaris
347 1317 531 1384 auctoritati,
555 1316 640 1376 cuius
663 1313 819 1374 scholiasta
842 1315 946 1374 nescio
973 1331 1031 1394 qua
1055 1313 1090 1374 de
1113 1332 1201 1375 causa
1226 1333 1309 1375 mcu-

141 1421 257 1480 tionem
279 1436 339 1478 non
362 1419 448 1486 iecit,
472 1416 551 1476 illam
573 1416 733 1476 lectionem
755 1414 898 1476 deberet?
934 1415 972 1476 Et
999 1415 1088 1478 buius
1109 1415 1189 1476 modi
1218 1418 1310 1476 etiam

141 1521 199 1581 alia
225 1519 314 1580 multa
338 1519 500 1596 excogitari
524 1525 663 1596 possunt,
693 1535 768 1596 quae
798 1534 864 1577 cum
887 1517 1049 1578 lectionum
1080 1535 1224 1578 consensu
1249 1536 1309 1577 non

141 1626 288 1700 pugnent.

230 1721 289 1781 Sed
323 1728 356 1781 ut
386 1720 572 1800 aliquatenus
602 1726 718 1780 ceruam
753 1719 977 1780 fundamentum
1011 1719 1204 1798 disputationi
1239 1720 1308 1781 suh·

142 1831 307 1891 struerem,
331 1821 408 1882 banc
423 1821 497 1882 mihi
514 1823 621 1900 scripsi
637 1821 742 1898 legem,
767 1828 799 1880 ut
814 1840 889 1900 quae
912 1823 1045 1900 ipsorum
1062 1821 1240 1883 scholiorum
1264 1824 1308 1883 in-

141 1927 233 1986 diciis
257 1925 342 2001 argui
364 1923 538 1984 viderentur
561 1941 657 2002 neque
686 1923 753 1982 aliis
781 1922 948 1983 rationibus
975 1923 1153 1984 dubitationi
1182 1923 1310 1985 obnoxia

60 2009 65 2016 ⁴
142 2024 254 2094 ess'ant,
263 2044 298 2085 ea
310 2027 335 2084 si
347 2043 405 2085 non
416 2043 470 2104 pro
485 2024 645 2104 exploratis
657 2023 811 2092 haberem,
823 2031 852 2084 at
867 2032 948 2084 certe
965 2024 1002 2084 ad
1012 2025 1310 2086 verisimilitudinem

142 2147 231 2207 quam
247 2129 383 2206 proxime
400 2124 543 2186 accedere
559 2127 773 2186 existimarem.
802 2124 948 2195 Quocirca
964 2125 1134 2205 ubicunque
1150 2127 1310 2188 scholiasta

141 2236 264 2310 praeter
279 2229 426 2289 Rhianum
450 2228 560 2288 nullius
575 2229 761 2306 grammatici
782 2245 890 2287 nomen
912 2227 1033 2288 lectioni
1056 2229 1202 2308 apposuit,
1226 2227 1309 2288 illum

142 2329 339 2392 coniectando
362 2347 427 2390 eam
443 2331 592 2390 invenisse
608 2329 732 2390 meliore
755 2329 819 2389 iure
842 2328 975 2390 iudicare
993 2329 1066 2389 mihi
1083 2329 1196 2398 videor,
1220 2349 1309 2408 quam

142 2435 169 2494 si
192 2451 228 2492 ex
258 2434 377 2510 antiqua
406 2431 537 2492 editione
559 2449 626 2491 eum
654 2431 790 2491 hausisse
819 2429 961 2492 arbitrari
989 2431 1087 2492 velim.
1131 2430 1188 2490 Vbi
1211 2437 1310 2491 autem

140 2535 277 2595 Rhianus
299 2551 372 2594 eum
407 2533 481 2593 alius
508 2534 694 2611 grammatici
723 2535 900 2593 recensione
930 2535 1096 2612 conspirat,
1130 2551 1185 2612 pro
1214 2539 1309 2592 aetate

141 2655 201 2716 qua
231 2654 314 2696 suarn
342 2636 468 2714 quisque
497 2637 702 2694 recensionem
729 2635 875 2703 coniecit,
906 2642 956 2694 aut
982 2634 1130 2695 Rhianum
1158 2633 1238 2695 illius
1260 2640 1310 2694 aut

141 2738 227 2798 illum
252 2736 358 2796 Rhiani
381 2736 538 2796 lectionem
568 2737 765 2816 approbasse,
794 2735 988 2816 approbatam
1016 2737 1167 2815 recepisse
1190 2755 1308 2803 censeo,

141 2839 201 2900 nisi
222 2845 337 2898 vetusta
361 2839 552 2908 documenta,
580 2857 656 2917 quae
680 2837 886 2908 dissuadeant,
910 2840 1110 2898 inveniantur.
1155 2838 1196 2898 Ita
1219 2838 1308 2901 Rhia-

141 2959 214 3002 num
237 2938 269 3002 Π
290 2935 364 3000 559.
394 2935 421 3000 Ω
443 2934 493 3000 85.
522 2941 538 3003 ζ
563 2935 602 3000 10
624 2939 695 2999 alios
719 2957 837 3008 versus,
873 2938 923 2999 ubi
956 2939 1051 3000 solum
1077 2941 1174 3018 ipsius
1202 2959 1310 3001 nomen

96 3069 100 3072 ·
141 3044 255 3110 lerlur,
278 3040 454 3101 conicienda
477 3039 681 3101 emendavisse
710 3039 864 3121 probabile
887 3047 947 3111 est;
975 3039 1000 3102 Α
1022 3036 1062 3100 97
1085 3040 1243 3101 lectionem
1274 3061 1309 3102 ex

142 3143 337 3211 Massiliensi,
361 3139 390 3204 Φ
411 3138 472 3202 607
502 3161 537 3202 ex
560 3141 753 3202 Antimacbea
782 3141 911 3202 editione
935 3144 1102 3220 suscepisse
1130 3142 1204 3202 mihi
1227 3142 1308 3203 vide·

143 3252 207 3314 tur,
230 3250 389 3323 propterea
411 3245 489 3323 quod
512 3243 566 3304 hae
590 3242 738 3304 editiones
760 3249 828 3303 arrte
855 3262 922 3304 eum
939 3250 1059 3323 paratae
1082 3244 1190 3322 inspici
1214 3244 1250 3305 ab
1274 3263 1310 3305 eo

142 3351 297 3426 poterant;
320 3344 371 3404 sed
386 3341 473 3406 Τ41.
489 3341 590 3406 Υ188
606 3345 674 3406 aliis
689 3347 720 3406 in
736 3345 873 3406 versibus
888 3345 1118 3425 Aristophanem
1134 3345 1310 3426 Byzantium

142 3447 253 3507 Rhiani
282 3445 517 3506 emendationem
545 3455 678 3508 secutum
712 3466 777 3507 esse
811 3465 933 3518 censeo,
967 3450 1036 3527 quia
1064 3447 1213 3510 Rhianum
1242 3455 1309 3510 ante

142 3549 228 3608 illum
256 3549 287 3607 in
315 3547 435 3607 Homeri
464 3548 647 3609 carminibus
675 3567 796 3628 operam
825 3550 960 3610 criticam
988 3550 1179 3611 collocavisse
1208 3569 1243 3610 ex
1272 3552 1310 3611 iis

143 3653 376 3710 consentaneum
399 3655 457 3717 est,
480 3668 556 3728 quae
580 3649 616 3709 de
640 3651 697 3710 vita
721 3657 750 3710 et
772 3656 867 3711 aetate
890 3653 956 3712 eius
978 3668 1067 3728 supra
1091 3647 1272 3732 disserui.2¹)

229 3750 290 3810 Hac
313 3752 405 3828 igitur
427 3750 579 3811 iudicandi
601 3751 665 3828 lege
682 3770 716 3811 ac
740 3769 843 3812 norma
867 3754 1025 3812 constituta
1049 3752 1205 3832 explorare
1228 3751 1308 3823 licet,

142 3871 217 3932 quas
239 3852 387 3912 editiones
408 3851 582 3912 Homericas
604 3851 712 3912 Rhiani
735 3861 895 3931 apparatus
917 3855 1039 3915 criticus
1062 3855 1251 3916 continuerit.

211 4015 255 4074 21)
273 4014 415 4069 Nauckius
434 4015 558 4084 quidem,
578 4017 626 4070 ubi
644 4017 678 4070 de
691 4016 856 4072 lectionibus
868 4017 977 4073 Rhiano
996 4020 1025 4073 el
1037 4017 1217 4090 Aristophani
1236 4033 1309 4074 corn-

143 4099 275 4154 mmribns
294 4099 429 4170 disputat,
447 4100 558 4155 videtur
577 4101 749 4169 existimare,
767 4103 847 4172 post
865 4102 1060 4173 Aristophanis
1080 4121 1160 4158 curas
1171 4101 1311 4158 Rhianum

142 4183 261 4240 Homeri
272 4183 464 4239 recensionem
476 4185 641 4252 instituisse,
661 4185 764 4256 quippe
783 4203 867 4256 quem
879 4186 1063 4258 suffragatum
1077 4203 1137 4242 essa
1151 4186 1226 4242 dieat
1237 4185 1311 4244 illius

143 4267 395 4325 emendationibus.
