3124 4682
647 369 651 374 .
681 277 797 374 ,ὅθ-.--

133 469 331 529 mediocriter
348 466 590 546 commendatum
607 485 675 527 nam
687 485 762 548 quae
780 467 925 530 sitdativi
936 472 1013 530 ratio
1024 487 1090 530 cum
1107 467 1200 532 verho
1215 469 1304 534 ἀπω-

133 571 203 633 θεῖν
220 569 383 639 couiuncti,
399 567 478 649 quod
494 571 604 630 ceteris
618 570 691 630 locis
707 585 773 630 cum
795 571 932 648 genetivo
947 579 1152 642 construatur,
1176 573 1225 634 hic
1239 574 1304 653 ipse

134 691 242 734 versus
257 672 427 734 luculenter
442 671 636 732 demonstrat.
667 670 730 742 Oua
742 673 773 730 in
791 689 825 731 re
845 689 932 751 quam
949 680 1032 733 recte
1048 673 1182 735 Rhianus
1196 677 1303 754 egerit,
1387 733 1391 736 .

133 773 275 854 pluribus
298 791 447 853 exponere
470 790 593 834 necesse
616 791 675 833 nou
699 780 760 842 est,
785 791 854 832 cum
882 773 938 834 iam
962 775 1125 836 Aristarchi
1149 793 1303 837 assensum

134 883 242 936 nactus
269 877 309 935 sit
337 882 367 936 et
395 874 481 936 multi
509 876 591 954 iique
619 874 787 952 gravissimi
809 875 889 935 iuter
915 883 1063 936 nostrates
1092 875 1302 957 philologos²⁰l

133 977 294 1038 lectionem
323 995 338 1036 a
368 978 505 1056 principe
534 976 800 1039 Alexandrinorum
830 976 1054 1056 comprobatam
1086 981 1173 1040 unice
1203 998 1303 1041 veram

133 1097 202 1140 esse
225 1079 414 1140 edocuerint.

220 1181 265 1241 Ex
297 1180 399 1242 eadem
437 1179 568 1241 editione
603 1177 777 1241 Massiliensi
811 1182 934 1260 repetiit
966 1199 1054 1261 quam
1086 1180 1118 1244 Π
1145 1179 1188 1243 59
1221 1176 1332 1244 dedit8

131 1283 314 1352 lectionem,
343 1300 431 1362 quam
455 1280 615 1342 dolendum
639 1279 784 1361 estquod
808 1283 929 1344 codices
957 1301 1016 1343 non
1039 1284 1243 1363 incorruptam
1266 1285 1303 1345 ad

131 1403 190 1444 nos
211 1391 461 1464 propagaverunt.
499 1382 719 1444 Sententiarum
743 1402 873 1446 conexus
895 1385 944 1445 hie
968 1391 1021 1445 est.
1056 1384 1192 1446 Patroclo
1215 1389 1302 1447 enixe

131 1487 270 1564 roganti,
294 1504 332 1546 ne
355 1485 484 1565 amplius
506 1501 635 1564 pugnam
664 1485 825 1555 detrectet,
849 1486 978 1547 Achilles
1001 1487 1178 1566 respondet,
1202 1506 1234 1548 se
1257 1489 1303 1547 iu-

131 1589 271 1666 digniora
293 1605 414 1667 passum
431 1605 496 1647 esse
519 1585 660 1666 superbia
675 1587 925 1664 Agamemnonis,
949 1605 1037 1667 quam
1066 1596 1098 1648 ut
1119 1591 1194 1648 iram
1212 1587 1301 1668 deph-

130 1697 238 1750 neret:
268 1690 348 1754 hunc
371 1691 450 1750 enim
473 1706 577 1750 ausum
594 1705 658 1748 esse
675 1689 809 1750 Briseida
831 1689 890 1750 sihi
914 1691 1047 1770 eripere,
1076 1707 1164 1770 quam
1187 1692 1301 1768 aprin-

131 1791 253 1872 cipihus
275 1791 455 1853 Achivorum
477 1791 644 1870 praemium
669 1791 849 1870 accepisset:

286 1926 344 2002 τὴν
367 1924 402 1990 δ’
423 1925 471 2004 ἂψ
495 1924 669 2004 ἐγχειρῶν
692 1924 783 1989 ἕλετο
806 1923 921 2004 κρείων
944 1923 1149 2006 Ἀγαμέμνων

285 2026 459 2108 Ἀτρείδης,
485 2025 559 2092 otei
579 2025 646 2091 τιν’
668 2025 819 2106 ἀτίμητον
842 2026 1048 2105 μετανάετην.

131 2165 213 2225 ldem
238 2181 343 2224 versus
365 2171 410 2240 est
433 2163 522 2224 etiam
547 2161 553 2224 Ι
577 2159 639 2224 648
662 2161 816 2242 pericopen
824 2211 833 2244 ,
857 2160 902 2224 dic
925 2161 960 2242 p'
982 2160 1150 2243 ἀεύφηλον
1174 2162 1209 2225 ἐν
1232 2163 1300 2242 Ἀρ-

15 2307 16 2342 γ
129 2263 264 2339 γείοιειν
299 2261 406 2342 ἔρεξεν
441 2263 612 2342 Ἀτρείδηε,
650 2263 723 2328 urcei
756 2263 821 2328 τιν’
855 2263 1005 2342 ἀτίμητον
1040 2263 1234 2345 μετανάετην
1253 2263 1299 2342 ³⁰),

129 2386 207 2447 quae
238 2366 329 2426 verba
360 2366 434 2426 nihil
463 2366 604 2426 exhibent
638 2367 765 2444 negotii,
800 2384 869 2426 uam
899 2383 965 2426 eum
994 2385 1031 2445 με
1059 2368 1299 2446 praegrediatur,

129 2469 255 2529 duhinm
280 2485 337 2528 non
361 2475 422 2538 est,
446 2470 518 2548 quin
541 2469 577 2528 ad
593 2468 751 2538 Achillem,
776 2469 827 2548 qui
848 2469 922 2529 haec
944 2469 1092 2548 loquitur,
1116 2469 1300 2530 additamen-

200 2739 245 2802 29)
263 2733 415 2804 Displicuit
436 2734 572 2790 Zenodoti
593 2735 677 2790 lectio
699 2736 814 2804 praeter
835 2736 1086 2790 Laehmannum
1104 2736 1298 2790 Dueutzero

129 2819 234 2875 Zenod.
252 2837 280 2887 p.
300 2825 348 2882 143
371 2821 400 2873 et
417 2819 549 2874 Zeitschr.
572 2820 634 2873 td.
658 2819 912 2889 Gymnaaialwesen
930 2820 994 2874 XlV
1015 2826 1078 2886 334,
1100 2820 1243 2875 Lehrsio
1271 2821 1299 2874 iu

15 2941 16 2946 =
128 2905 244 2959 Diuruis
255 2903 421 2971 antiquariis
433 2922 458 2958 a.
478 2911 542 2959 1834
559 2923 587 2974 p.
601 2912 662 2970 139,
681 2905 729 2974 qui
748 2905 923 2974 Spitznerum
940 2904 1122 2974 vituperavit,
1146 2904 1222 2973 quod
1238 2905 1298 2958 Ari-

128 2989 236 3044 starchi
258 2987 397 3042 rationem
418 2988 633 3059 repudiavisset,
656 2989 819 3058 Bergkio,
847 2990 895 3056 qui
916 2988 984 3042 ibid.
1004 2994 1069 3042 1846
1096 3007 1123 3056 p.
1142 2995 1192 3042 498
1220 2989 1299 3042 illam

128 3092 164 3128 ue
184 3090 317 3143 graecam
330 3072 443 3140 quidem
461 3072 515 3126 dici
532 3091 614 3144 posse
628 3073 783 3139 contendit,
801 3072 949 3128 Ameisio
967 3073 996 3126 in
1014 3073 1134 3143 append.
1153 3073 1191 3127 ad
1202 3073 1298 3127 Iliadis

129 3159 197 3212 edit.
220 3177 249 3228 p.
270 3164 294 3212 7.
318 3158 444 3226 Recepta
466 3159 509 3212 est
531 3158 683 3213 Aristarchi
706 3159 735 3212 et
756 3158 857 3212 Rhiani
881 3157 963 3211 lectio
987 3157 1023 3211 ab
1041 3157 1120 3211 Imm.
1138 3157 1314 3210 Bekkero'

128 3243 158 3296 in
178 3243 220 3298 ed.
240 3243 303 3308 arc,
329 3241 465 3309 Ameisio,
492 3241 661 3308 Duentzero,
689 3242 758 3297 aliis.
784 3272 818 3281 -
847 3242 879 3295 In
901 3243 1061 3296 transcursu
1079 3257 1298 3297 commemorare

127 3327 220 3394 iuvat,
241 3327 272 3380 in
290 3325 400 3380 scholiis
418 3327 454 3381 ad
472 3327 553 3381 Hom.
576 3327 607 3381 Il.
626 3326 827 3397 Lipsiensihus,
851 3343 923 3395 quae
940 3324 1045 3379 Ludov.
1064 3324 1298 3382 Bachmannus

128 3431 153 3468 a.
175 3417 242 3466 1835
265 3411 366 3476 edidit,
391 3411 445 3466 vol.
469 3412 482 3464 Ι
504 3429 530 3482 p.
552 3417 583 3466 15
606 3411 731 3466 schoh0n
754 3414 819 3466 οὐδ’
841 3414 889 3476 ὅγε
918 3412 1003 3476 roth
1032 3411 1254 3480 Μαεειλιαιτική,
1279 3415 1296 3478 ἡ

129 3500 242 3552 Ῥιανοῦ
263 3499 309 3550 καί
328 3498 425 3564 εχεδὸν
443 3500 527 3551 adcor
545 3498 611 3550 οὐδ’
628 3499 678 3562 ὅγε
696 3499 763 3564 πρὶν
781 3500 935 3551 Δαναοῑειν
953 3496 1046 3549 ἀεικέα
1065 3499 1163 3562 λοιγὸν
1181 3499 1297 3553 ὰπώεει.

127 3585 204 3637 ἔοικε
223 3583 253 3635 δὲ
271 3584 288 3648 ἡ
308 3583 391 3648 ἑτέρα
408 3582 573 3649 Ζηνοὸὅτοο
598 3583 670 3635 εἶναι
696 3598 714 3634 a
731 3581 809 3635 recto
835 3580 897 3634 loco
920 3581 1065 3634 aberrasse
1088 3582 1118 3634 et
1138 3583 1296 3635 vermittit

128 3666 283 3736 ascriptum
314 3681 389 3730 esse,
420 3663 450 3718 id
481 3665 556 3732 quod
589 3663 691 3718 mirum
718 3666 762 3720 est
786 3665 892 3734 fugisse
914 3665 1125 3719 Bachmannum
1152 3664 1296 3718 editorem.

127 3753 283 3806 Praeterea
300 3751 395 3804 autem
414 3749 511 3804 scholii
528 3749 651 3817 initium,
675 3751 708 3804 ut
729 3767 802 3804 nunc
824 3749 940 3818 legitur,
963 3749 1115 3804 absurdum
1138 3749 1192 3803 hoc
1213 3750 1297 3803 modo

129 3835 312 3891 correxerim:
337 3835 402 3888 οὐδ’
425 3836 487 3900 ὅγε·
514 3837 532 3900 ἡ
553 3837 823 3901 encraticarum
843 3837 859 3900 ἡ
885 3837 995 3889 Ῥιανοῦ
1019 3837 1064 3888 καὶ
1082 3835 1182 3902 εχεὸὸν
1199 3839 1296 3888 nerui·

15 3935 24 3960 ι·
128 3922 195 3974 οὐδ’
214 3921 265 3986 ὅγε
284 3921 351 3986 πρὶν
370 3921 436 3984 cet,
455 3921 487 3974 ut
504 3919 597 3974 verbis
615 3921 681 3973 οὐδ’
704 3921 754 3985 ὅγε
772 3918 883 3972 initium
900 3935 996 3972 versus
1013 3924 1046 3972 97
1059 3917 1242 3987 significetur,
1260 3917 1298 3972 ad

130 4021 215 4072 quem
233 4019 305 4071 quae
322 4005 477 4071 sequuntur
494 4003 631 4058 adnotata
648 4005 720 4063 sunt.

198 4091 242 4156 30)
260 4087 433 4158 Dueutzerus
459 4089 488 4142 in
514 4088 557 4143 ed.
580 4088 612 4142 Il.
635 4088 717 4142 adh.
735 4089 753 4142 l.
772 4088 930 4154 adnotavit,
956 4087 1021 4142 hinc
1039 4103 1161 4152 versum,
1188 4087 1296 4154 dequo

129 4172 237 4243 agitur,
255 4189 404 4244 perperam
421 4173 561 4228 invectum
579 4188 638 4228 esse
651 4175 680 4228 Π
692 4180 737 4241 59,
756 4189 841 4240 quam
853 4172 1031 4238 sententiam,
1050 4188 1112 4224 oum
1130 4172 1297 4239 argumenta

129 4273 187 4314 non
203 4257 365 4328 protulerit,
384 4257 412 4311 iu
430 4257 522 4314 medio
540 4257 675 4325 relinquo.
