3124 4682
654 321 805 416 —tl—

138 507 202 573 τὸν
224 508 337 588 μάντιν
360 505 462 572 εἰπεῖν
487 507 705 588 «φραζώμεθ’
730 505 774 572 :iic
796 526 850 572 κεν
873 507 1131 591 καταπαύτομεν,
1155 507 1186 572 oi
1209 507 1312 574 δὲκαὶ

139 609 239 675 αὐτοὶ
260 609 446 674 παυέεθων»
473 608 509 688 (ν.
535 607 604 692 168)
635 609 685 673 καὶ
707 608 745 673 τὸ
769 607 881 687 ιὴμέαε
903 605 1050 688 ὀτρύνων
1072 611 1309 690 καταπαυέμεν»

142 711 183 792 (v.
205 709 290 792 244).
314 711 444 784 HMQS.
476 711 557 783 Quae
580 713 748 773 emendatio
771 731 824 774 cur
845 715 926 773 omni
948 711 1035 774 laude
1059 714 1147 792 digna
1171 717 1219 785 sit,
1242 735 1309 776 cum

139 833 180 876 ex
203 816 299 877 causis
321 818 353 876 in
377 815 491 876 scholio
514 817 579 894 ipso
602 833 618 876 a
641 814 767 894 Didymo
789 814 887 876 allatis
909 815 1064 876 evidenter
1086 823 1200 895 pateat,
1224 819 1309 877 mitto

140 919 329 994 argumentis
363 917 583 984 demonstrare;
619 918 691 976 satis
725 924 770 976 est
804 915 952 978 addidisse
983 935 1048 976 eam
1081 936 1142 978 non
1174 918 1309 979 soluma

138 1015 294 1078 Nitzschio
324 1018 398 1078 erhl.
426 1020 511 1079 Anm.
535 1037 588 1078 zur
610 1017 664 1079 Od.
688 1017 701 1077 Ι
728 1036 758 1096 p.
784 1014 845 1078 100
872 1017 1080 1097 approbatam,
1110 1020 1161 1080 sed
1189 1027 1310 1098 praeter

141 1119 313 1179 Rekherum
337 1135 416 1179 nuno
438 1120 528 1179 etiam
545 1138 573 1180 a
597 1119 716 1189 Faesio,
745 1120 891 1189 Ameisio,
921 1119 1103 1192 Ducntzero,
1132 1122 1173 1182 La
1196 1122 1309 1182 Rachia

139 1229 294 1298 receptam
318 1237 394 1282 esse.

227 1319 340 1400 3311.
385 1322 580 1383 Telemachus
615 1323 753 1392 Antinoo,
784 1324 835 1400 qui
870 1341 939 1383 eum
974 1323 1146 1384 adhortatus
1181 1331 1239 1395 est,
1276 1321 1359 1388 utto

138 1425 242 1484 missis
265 1423 346 1485 curis
368 1423 507 1485 omnibus
529 1442 595 1484 cum
619 1426 720 1502 procis
742 1423 810 1484 edat
832 1429 862 1484 et
884 1415 982 1494 bibat,
1005 1426 1181 1502 respondet:

268 1522 418 1600 Ἀντίνο’,
442 1521 482 1587 οὔ
504 1542 574 1587 πωε
596 1523 678 1588 ἔετιν
700 1521 924 1604 ὑπερφιάλοιο
947 1525 1020 1603 μεθ’
1041 1523 1113 1603 ὑμῖν

270 1623 432 1690 δαίνυεθαί
453 1625 487 1688 τ’
509 1623 647 1690 ἀκέοντα
668 1625 719 1689 καὶ
741 1623 966 1704 εὐφραίνεεθαι
988 1625 1113 1703 ἕκηλον,

137 1729 197 1788 Ηίο
218 1728 393 1798 lectionem,
418 1745 507 1808 quam
529 1729 616 1789 hodie
633 1745 738 1789 omnes
752 1729 816 1788 lere
833 1727 980 1789 exhibent·
991 1729 1154 1800 editiones,
1171 1727 1309 1794 ἀκέοντα

138 1849 155 1890 a
180 1828 297 1890 Rhiano
319 1833 418 1910 primo
441 1832 623 1909 propositam
653 1833 719 1891 ess'e
741 1847 820 1890 nunc
844 1830 1028 1891 demonstrat
1057 1831 1190 1894 scholion
1214 1851 1229 1892 a
1252 1833 1307 1894 Co-

138 1931 211 1992 beto
234 1932 440 2001 emendatum,
470 1932 548 2011 quod
578 1940 662 2012 antea
692 1933 736 1992 sic
759 1938 929 2008 corruptum
954 1939 1033 2002 erat,
1061 1940 1095 1994 ut
1120 1934 1209 2013 plane
1237 1952 1307 1994 con-

138 2035 269 2094 trarium
298 2034 420 2094 doceret
448 2033 638 2113 luttilemque
662 2033 821 2094 lectionem
844 2031 983 2122 ἀέκοντα
1004 2033 1120 2096 Rhiano
1147 2035 1307 2096 tribueret.

137 2134 235 2204 Quam
258 2135 379 2215 quidem
401 2152 465 2195 rem
489 2137 628 2196 omittere
650 2137 831 2213 potuissem,
861 2137 919 2195 nisi
942 2135 984 2197 La
1006 2136 1135 2197 Rochius
1157 2139 1189 2196 in
1212 2136 1306 2216 Odys-

137 2254 208 2297 seae
232 2237 365 2297 editione
388 2235 627 2296 emendationem
649 2234 810 2296 Rhianeam
833 2238 864 2296 in
881 2239 1112 2298 controversiam
1135 2237 1307 2300 adduxisset

138 2343 169 2398 et
193 2336 230 2398 de
253 2355 287 2398 ea
312 2339 384 2398 satis
406 2345 543 2398 constare
565 2343 721 2417 negasset;
744 2355 836 2416 quare
858 2355 981 2398 necesse
1004 2348 1050 2400 est
1071 2338 1129 2400 huc
1159 2340 1305 2401 ascribam

137 2439 274 2500 scholion
308 2457 375 2500 cum
402 2439 548 2503 Dindorfii
582 2440 787 2500 adnotatione:
826 2436 1032 2505 «ἀκέοντα
1070 2438 1155 2504 οὕτω
1188 2439 1307 2520 γράφει

131 2533 278 2604 ‘Prende'
300 2539 457 2620 γράφεται
480 2540 582 2604 δὲκαὶ
604 2538 785 2604 ἀέκοντα.
802 2577 843 2586 -
858 2540 1024 2606 Ἀκέονταε
1047 2542 1192 2604 Stellio
1213 2551 1304 2604 textu.

136 2641 181 2702 Ex
206 2661 266 2722 quo
289 2645 439 2722 sequitur,
469 2643 547 2724 quod
575 2644 606 2703 in
629 2643 741 2704 scholio
770 2646 914 2724 scriptum
942 2651 987 2705 est
1014 2642 1172 2723 γράφεται
1198 2644 1307 2710 δὲκαὶ

136 2739 278 2808 ἀκέοντα
301 2745 473 2806 mutandum
496 2763 561 2807 esse
584 2747 614 2805 io
637 2742 795 2823 γράφεται
819 2746 855 2808 δὲ
876 2741 933 2809 καὶΙ
948 2743 1099 2818 ἀέκοντα,
1123 2755 1156 2808 ut
1171 2765 1225 2825 ego
1246 2749 1305 2808 teci

136 2863 207 2904 cum
237 2845 358 2906 Cobeto.
403 2845 514 2906 Eadem
550 2849 580 2906 in
609 2845 636 2906 H
663 2849 814 2908 annotatio
843 2865 909 2908 esse
937 2848 1069 2919 videtur,
1104 2848 1140 2909 de
1172 2868 1230 2928 quo
1261 2851 1305 2910 sic

135 2947 235 3007 refert
261 2947 427 3008 Porsonns:
465 2944 620 3010 ‘dre'ovro
644 2945 893 3027 ῥιανόε,γράφει
916 2947 1068 3026 ἀέκοντα,
1092 2951 1143 3011 sed
1167 2949 1305 3013 ἀκέοντα

14 3026 18 3094 '-
135 3049 250 3109 citatur
279 3051 370 3110 etiam
392 3051 424 3109 in
448 3049 568 3110 scholiis
592 3046 715 3129 (320).’»
759 3050 840 3110 ldem
875 3059 1058 3112 censuerunt
1085 3051 1240 3112 Rehherus
1273 3059 1304 3112 et

14 3160 18 3173 '
135 3150 233 3210 Maur.
258 3150 456 3222 Schmidtius,
485 3153 536 3230 qui
559 3152 677 3232 Didymi
705 3171 735 3232 p.
761 3149 821 3213 189
850 3152 985 3214 scholion
1008 3171 1043 3214 er
1066 3153 1093 3214 H
1115 3153 1304 3232 desumptum

136 3251 241 3312 verbis
262 3259 408 3314 commate
437 3252 585 3314 distinctis
614 3253 671 3314 hoc
694 3254 780 3314 modo
804 3256 939 3334 scripsit:
978 3251 1148 3317 ἀκέοντα
1175 3251 1303 3318 ‘Prende

134 3350 270 3431 γράφει,
306 3351 485 3417 ἀέκοντα.
529 3354 591 3414 lam
624 3355 681 3416 hoo
714 3357 833 3435 quidem
863 3357 959 3435 primo
988 3363 1109 3436 aspectu
1132 3357 1243 3426 elucet,
1278 3360 1303 3418 si

133 3462 259 3534 praeter
282 3455 308 3516 H
331 3455 533 3517 testimonium
556 3455 670 3518 nullum
686 3463 832 3534 exstaret,
855 3456 988 3518 scholion
1004 3460 1048 3518 sic
1070 3458 1302 3537 intellegendum

15 3593 20 3619 ¹.
134 3575 218 3627 esse,
252 3563 286 3617 ut
314 3564 382 3618 ante
411 3554 554 3618 Cdbetum
583 3577 598 3617 a
629 3557 807 3619 Ruttmanno
834 3559 1017 3620 intellectum
1048 3567 1108 3632 est;
1141 3579 1233 3642 porro
1262 3560 1303 3622 La

17 3703 18 3708 η
134 3657 253 3720 Rochio
275 3659 499 3720 concedendum
522 3668 582 3731 est,
613 3663 753 3740 quoniam
775 3662 807 3720 in
830 3659 858 3721 M
881 3654 1018 3724 ἀκέοντα
1040 3663 1115 3723 salso
1137 3661 1185 3724 bis
1208 3664 1302 3742 scrip·

18 3746 22 3778 ³
134 3769 201 3822 tum
235 3761 274 3820 sit
306 3767 337 3821 et
368 3763 399 3821 in
434 3761 577 3822 alterutro
610 3780 626 3821 a
656 3761 780 3822 librario
815 3779 938 3823 necesse
972 3765 1011 3824 sit
1040 3772 1195 3843 peccatum
1225 3784 1301 3836 esse,

19 3850 23 3878 l
134 3881 225 3942 posse
248 3864 338 3924 etiam
360 3863 602 3942 indicariqprius
625 3859 764 3926 ἀκέοντα
791 3865 925 3924 vitiatum
955 3883 1035 3935 esse,
1065 3865 1190 3927 alterum
1220 3873 1301 3928 recte

134 3983 168 4026 se
193 3962 315 4024 babere.
360 3965 398 4026 A:
420 3967 462 4026 sie
480 3965 561 4070 banc
588 3982 652 4026 rem
676 3966 842 4028 diiudicare
865 3973 1013 4036 vetamur,
1043 3986 1110 4028 cum
1133 3987 1192 4028 non
1216 3969 1301 4028 modo

133 4066 164 4126 M
193 4067 225 4124 in
253 4071 335 4126 textu
363 4065 471 4127 habeat
498 4063 649 4138 ἀκέοντα,
684 4069 735 4128 sed
770 4070 858 4129 etiam
882 4102 920 4112 —
951 4071 976 4128 si
1006 4075 1088 4130 recte
1119 4071 1301 4147 interpretor

133 4168 281 4228 lectiones
303 4168 399 4228 varias
422 4166 531 4228 abillo
554 4175 687 4230 enotatas
708 4203 748 4214 -
771 4167 858 4239 nto
886 4172 917 4230 in
945 4175 1028 4230 textu
1055 4166 1193 4233 ἀέκοντα
1214 4188 1300 4248 prae·

18 4253 19 4257 ¹
134 4269 242 4337 beant:
276 4268 346 4330 inde
374 4271 454 4330 enim
476 4273 683 4350 consequitur,
712 4278 746 4332 ut
772 4271 877 4332 scholii
907 4271 936 4333 M
962 4270 1070 4332 lemma
1098 4273 1138 4333 sit
1164 4267 1302 4337 ἀκέοντα
