3124 4682
775 280 926 378 A

268 471 375 529 samem
399 473 450 528 aut
471 467 550 528 sitim
573 469 680 536 sensit,
705 467 799 529 donec
821 469 968 530 defessam
991 465 1086 527 duleis
1108 484 1229 525 somnus
1250 467 1370 526 invasit.
1402 467 1434 526 ln

269 566 470 648 pulcherrima
492 565 548 626 bae
575 566 775 645 descriptione
799 569 891 628 animi
907 569 1036 628 materni
1059 567 1242 642 gravissimis
1257 569 1339 626 curis
1354 567 1435 630 solli-

268 670 353 728 citati
375 685 468 729 unum
489 667 561 728 illud
585 667 752 738 desideras,
776 669 854 748 quod
871 668 1004 730 Rhianus
1019 665 1149 726 addidit:
1173 684 1210 728 an
1226 669 1322 747 potuit
1337 671 1437 746 aptius

267 775 369 847 poeta,
398 771 496 848 potnit
524 769 742 846 significantius
772 769 864 835 illum,
884 767 1070 838 describere,
1099 784 1187 847 quam
1220 786 1287 828 cum
1311 768 1436 828 Penelo-

268 889 335 950 pam
370 889 429 932 non
451 871 538 931 modo
561 869 629 930 cibo
651 877 682 930 et
708 878 796 949 potu,
832 871 884 932 sed
915 873 996 930 omni
1019 870 1108 930 etiam
1131 868 1339 930 lamentatione
1368 871 1436 932 abs-

269 972 392 1032 tinuisse
420 968 619 1050 narraretl‘ffi)
657 970 778 1032 Scilicet
810 971 866 1031 boe
896 979 941 1032 est
974 973 1097 1032 insitum
1126 977 1248 1030 naturae
1278 971 1435 1042 humanae,

268 1081 300 1134 ut
328 1075 358 1134 in
390 1091 505 1136 summa
533 1074 657 1134 tristitia
685 1073 940 1141 obmutescamus,
975 1081 1008 1134 ut
1041 1071 1250 1132 acerbissimus
1284 1073 1367 1132 dolor
1401 1093 1437 1132 ac

266 1173 364 1235 luctus
386 1176 472 1254 quasi
494 1175 626 1252 linguam
655 1180 756 1237 teneat
785 1181 815 1234 et
836 1176 868 1233 in
891 1174 949 1235 alta
971 1181 1070 1234 mente
1098 1174 1247 1251 repositus
1270 1173 1436 1236 delitescat.

267 1275 308 1336 lit
327 1278 370 1336 sic
392 1276 555 1354 Penelopa,
578 1282 613 1334 ut
634 1277 766 1355 primum
789 1295 804 1335 a
828 1275 963 1334 Medonte
985 1292 1133 1354 praecone
1157 1276 1272 1334 tristem
1296 1278 1436 1335 nuntium

267 1379 397 1457 accepit,
421 1396 492 1457 prae
514 1377 617 1438 dolore
641 1377 693 1438 diu
714 1377 797 1456 loqui
820 1395 879 1437 non
902 1384 1035 1456 poterat:
1073 1375 1133 1450 δὴν
1162 1374 1198 1437 δέ
1220 1393 1271 1451 μιν
1294 1373 1436 1454 ἀμφαείη

267 1475 372 1541 ἐπέων
395 1477 473 1556 λ’άβε
496 1476 532 1554 (v.
557 1474 644 1557 704);
679 1477 788 1538 deinde
821 1496 893 1538 vero
926 1477 1018 1536 multo
1047 1494 1114 1536 cum
1147 1479 1260 1554 gemitu
1289 1485 1318 1536 et
1340 1476 1437 1537 flebili

266 1580 478 1640 lamentatione
506 1579 636 1647 ancillis,
667 1579 738 1658 quid
768 1581 813 1639 rei
843 1587 935 1648 esset,
967 1578 1099 1638 narravit
1126 1585 1156 1638 et
1183 1580 1329 1639 sacrificio
1356 1579 1438 1640 lacto

266 1681 408 1760 precibus
435 1680 577 1741 auxilium
607 1680 757 1740 Minervae
786 1681 963 1760 imploravit.
1008 1679 1258 1764 Postremoleum
1287 1680 1359 1740 lletu
1387 1699 1436 1740 sa-
1481 1713 1485 1720 ·

267 1785 340 1843 tiata
363 1790 443 1842 esset
465 1791 495 1842 et
517 1783 633 1842 divinae
662 1785 729 1862 opis
756 1783 934 1844 confidentia
963 1801 1049 1844 mens
1077 1782 1238 1861 paullulum
1265 1781 1380 1860 placata
1403 1790 1438 1842 et

267 1885 454 1953 confirmata,
486 1886 516 1944 in
552 1883 712 1945 solitudine
746 1887 850 1947 matris
880 1885 1013 1945 dolorem
1047 1891 1160 1944 mutum
1190 1902 1254 1944 esse
1284 1885 1437 1944 convenit.

267 1985 371 2064 Neque
397 1985 451 2046 boc
474 1986 586 2064 lugisse
609 1985 785 2057 Homerum,
808 1989 861 2067 qui
883 1987 1028 2046 humanos
1050 2003 1155 2046 sensus
1172 1993 1213 2046 ‘et
1236 1986 1358 2046 affectus
1379 2005 1438 2065 pe·

266 2089 348 2148 nitus
369 2089 585 2167 perspexisset,
610 2087 787 2150 documenta
810 2095 879 2150 sunt
898 2105 1002 2148 versus
1018 2087 1090 2158 duo,
1114 2089 1145 2146 in
1168 2087 1276 2166 quibus
1291 2083 1440 2150 ἄναυδος

268 2196 443 2268 usurpatum
467 2207 532 2249 esse
556 2189 704 2250 videmus:
728 2186 837 2255 ⁶456.
863 2189 914 2250 ubi
931 2189 1030 2250 Vlixes
1053 2208 1068 2248 e
1090 2190 1246 2266 naufragio
1269 2205 1356 2266 aegre
1381 2208 1438 2250 na-

269 2291 358 2351 tando
381 2289 417 2350 ad
440 2289 607 2350 Phaeacum
629 2291 756 2351 insulam
779 2293 951 2370 pervenisse
975 2298 1005 2350 et
1026 2290 1140 2351 viribus
1156 2291 1307 2350 exhaustis
1330 2309 1439 2351 somno

268 2398 372 2470 captus
394 2410 459 2452 esse
482 2398 637 2452 narratur:
661 2389 680 2452 δ
704 2389 736 2453 δ’
758 2389 814 2466 ἄρ’
837 2388 1013 2454 ἄπνευετοε
1034 2391 1086 2453 καὶ
1101 2388 1242 2454 ἄναυδοι
1263 2389 1344 2454 κεῖτ’
1366 2389 1439 2454 ὀλι-

266 2491 450 2570 γηπελέων,
473 2489 613 2571 κάματος
635 2491 671 2554 δέ
694 2511 746 2568 μιν
768 2490 858 2556 αἰνόε
880 2490 1000 2555 ἵκανεν.
1043 2493 1134 2554 ΜιιΙῑο
1157 2495 1281 2573 propius
1304 2512 1372 2553 vero
1395 2495 1438 2556 ad

267 2596 363 2654 nostri
396 2593 454 2653 loci
482 2594 709 2654 similitudinem
743 2595 858 2656 accedit
886 2591 1003 2664 aare,
1034 2593 1085 2654 ubi
1115 2595 1215 2655 Vlixes
1242 2614 1258 2654 a
1282 2596 1367 2656 Circe
1395 2597 1438 2656 ad

267 2695 435 2756 cenandum
463 2697 603 2756 invitatus
631 2715 687 2756 nec
716 2695 817 2756 cibum
840 2715 895 2756 nec
923 2703 1025 2775 potum
1048 2703 1162 2773 gustat,
1190 2699 1272 2774 gravi
1296 2715 1438 2758 maerore

266 2797 395 2858 alilietus
417 2795 455 2855 ob
477 2796 629 2857 infelicem
644 2803 908 2858 transmutatorum
925 2799 1073 2858 sociorum
1090 2805 1217 2868 sortem;
1242 2817 1330 2877 quem
1346 2798 1438 2860 Circe

266 2898 450 2978 adloquitur:
479 2895 571 2975 τίφθ’
599 2895 717 2977 οὕτωε,
740 2897 888 2977 Ὀδυεεῡ,
918 2898 991 2961 κατ’
1012 2896 1068 2974 ἄρ’
1091 2897 1173 2963 ἕζεαι
1196 2894 1264 2962 icoc
1288 2896 1438 2983 ἀναύδῳ,

265 2998 365 3075 θυμὸν
388 2996 484 3079 ἔδων,
514 2997 639 3076 βρώμης
661 2998 696 3061 δ’
724 2997 784 3075 οὐχ
807 2997 920 3069 ἅπτεαι
944 2998 1021 3062 οὐδὲ
1043 3001 1196 3076 ποτῆτος
1225 2999 1305 3072 Quos
1328 3019 1439 3063 versus

266 3103 291 3162 si
313 3102 497 3180 respexeris
525 3118 624 3160 nonne
652 3101 804 3161 latendum
833 3103 906 3170 erit,
936 3101 1045 3162 Rbiani
1074 3104 1274 3162 coniecturam
1303 3121 1370 3162 curn
1395 3105 1436 3164 arl

265 3221 331 3264 rem
352 3202 687 3264 accommodatissimam
709 3211 772 3264 tum
796 3203 832 3263 ab
849 3205 954 3264 intima
972 3203 1147 3265 Homericae
1171 3205 1245 3264 artis
1260 3206 1436 3281 cognitione

265 3304 430 3384 prolectam
453 3305 536 3365 esse?

332 3557 376 3622 46)
394 3554 496 3618 Nemo,
522 3553 605 3620 puto,
631 3551 700 3604 mihi
718 3551 833 3620 obiciet,
860 3570 922 3608 cum
939 3555 1082 3624 Penelopa
1098 3556 1158 3609 sola
1181 3559 1269 3624 esset,
1296 3556 1357 3611 fieri
1374 3575 1438 3614 non

264 3637 400 3708 potuisse,
420 3637 452 3689 ut
468 3636 643 3704 loqueretur,
661 3653 727 3690 nam
746 3638 776 3690 ut
794 3639 1012 3692 consentaneum
1030 3640 1072 3693 est
1089 3639 1229 3695 humanae
1247 3641 1372 3708 naturae,
1392 3643 1438 3698 sie

265 3721 351 3776 etium
369 3720 445 3790 apud
462 3719 613 3774 Homerum
635 3720 768 3789 legimus,
791 3721 915 3777 homines
937 3723 986 3777 ubi
1009 3723 1038 3777 in
1061 3741 1168 3778 summo
1191 3725 1350 3780 discrimine
1368 3744 1437 3780 ver-

265 3807 374 3871 sentur,
397 3804 464 3872 deos
487 3804 616 3858 invocare
635 3808 684 3859 aut
706 3823 788 3861 voces
810 3807 1005 3862 lamentabiles
1028 3808 1170 3862 effundere
1192 3809 1237 3863 vel
1258 3808 1315 3862 alia
1337 3825 1438 3866 secum

263 3889 331 3958 ipsis
358 3888 447 3955 loqui,
477 3895 646 3956 quemquam
672 3905 754 3944 nemo
785 3890 833 3958 qui
859 3891 956 3945 audiet
981 3893 1063 3946 adsit.
1098 3891 1137 3946 Vt
1163 3910 1197 3947 ex
1222 3892 1317 3946 multis
1343 3911 1439 3950 unum

264 3972 381 4028 afferam
399 3971 570 4042 exemplum,
596 3971 675 4042 legas
701 3974 857 4029 orationem
874 3975 962 4028 Vlixis
990 3994 1053 4030 oum
1079 3975 1164 4030 meris
1191 3979 1271 4031 aestu
1288 3977 1439 4048 luctantis,

264 4074 348 4127 quarn
366 4057 409 4111 bis
426 4056 551 4115 versibus
569 4067 653 4126 poete
671 4058 825 4113 exorditum:
853 4066 934 4114 e293
961 4063 1007 4114 καὶ
1024 4062 1090 4114 τότ’
1110 4062 1258 4128 Ὀδυετῆοε
1277 4063 1346 4115 λύτο
1365 4066 1439 4127 γού-

263 4158 335 4197 νατα
353 4145 398 4196 καὶ
416 4142 501 4210 φίλον
527 4143 612 4211 ἦτορ,
639 4144 760 4210 δχθήεαε
779 4146 810 4197 δ’
837 4144 891 4211 ἄρα
917 4145 996 4199 εἶπε
1024 4145 1110 4212 πρὸς
1137 4145 1176 4198 δν
1205 4146 1441 4214 μεγαλήτορα

264 4228 382 4294 θυμόν

1002 4382 1014 4435 l
