3124 4682
692 303 734 372 49

129 497 176 558 vel
200 499 292 558 etiarn
315 493 410 577 ἄναξ,
439 498 533 560 multo
555 496 615 559 illis
636 499 756 579 quidem
780 496 968 576 gravioribus
990 505 1020 558 et
1048 491 1297 570 sollemnioribus,

128 601 176 660 uti
190 599 275 660 solet.
299 597 396 669 Quare
413 601 536 660 minime
554 603 700 662 assentior
712 600 892 662 Doederlino
909 599 1020 660 dicenti
1037 599 1134 661 deleto
1145 597 1298 678 elimentis
1399 589 1406 599 ’

128 700 226 761 deleri
248 703 402 762 notionem
424 701 555 762 Homero
578 703 622 763 vel
645 705 773 764 maxime
796 704 965 782 propriam,
993 707 1023 761 et
1046 703 1071 762 si
1094 702 1166 782 quid
1189 705 1220 764 in
1242 704 1297 765 hac

129 820 165 862 re
187 802 356 863 mirandum
380 810 443 873 est,
467 803 538 864 illud
563 806 662 883 potius
691 813 751 880 est,
774 804 852 884 qnod
878 802 1086 864 Doederlinum
1109 803 1166 864 hoe
1187 805 1274 882 sugit.

231 903 289 964 Sed
328 911 448 981 praeter
486 904 566 966 hunc
602 921 697 983 nuper
738 908 827 966 etiam
862 904 1030 965 Richardus
1064 903 1298 984 lloedigerus

128 1022 205 1066 nora
228 1007 345 1065 ratione
369 1003 569 1094 inexplicabili
592 1006 662 1066 huic
685 1013 715 1067 et
737 1005 861 1068 multum
884 1013 1013 1067 tentatae
1042 1007 1135 1068 vocali
1158 1026 1177 1083 η
1200 1007 1297 1068 lucem

128 1105 315 1186 salutemque
351 1107 457 1168 allerre
486 1107 614 1178 studuit,
647 1110 698 1187 qui
732 1109 982 1170 commentatione
1010 1107 1129 1185 lipsiae
1159 1126 1185 1168 a.
1216 1105 1297 1170 1866

128 1207 212 1268 edita
234 1207 406 1270 doctissime
429 1209 589 1286 disputavit
617 1209 665 1270 ‘de
688 1211 824 1288 priorum
846 1208 1049 1270 membrorum
1071 1210 1103 1269 iu
1125 1209 1298 1270 nominibus

127 1311 248 1387 graecis
276 1312 450 1387 compositis
471 1311 709 1372 conformatione
732 1310 836 1371 tinali'.
872 1309 900 1370 ls
922 1309 1043 1388 quidem
1066 1327 1093 1387 p.
1114 1305 1157 1371 25
1179 1329 1242 1390 sqq.
1266 1312 1296 1372 in

129 1409 226 1472 vocali
253 1429 273 1488 η
307 1413 338 1472 in
367 1413 562 1473 commissura
597 1414 831 1491 compositorum
859 1412 954 1490 posita
982 1411 1127 1490 reliquias
1154 1413 1296 1492 quasdam

126 1513 222 1574 latere
246 1519 331 1590 putat
352 1513 469 1590 priscae
491 1515 726 1591 praepositionis
753 1516 784 1574 in
813 1529 921 1591 graeco
944 1531 1081 1574 sermone
1103 1514 1220 1590 pridem
1244 1514 1296 1576 ob-

126 1615 293 1682 litteratae,
317 1631 393 1693 quae
416 1616 442 1675 si
464 1633 523 1676 non
546 1614 664 1685 eadem,
699 1621 728 1675 at
750 1622 873 1693 cognata
896 1615 934 1674 sit
956 1615 1147 1675 sanseriticac
1170 1634 1296 1694 praepo·

126 1717 232 1776 sitioni
255 1715 292 1782 d,
316 1715 351 1776 ad
375 1733 463 1795 quam
486 1707 766 1794 interpretationem
789 1718 887 1778 omnia
905 1716 1061 1777 eiusmodi
1078 1718 1199 1777 nomina
1214 1735 1295 1778 com·

125 1818 224 1897 posita
249 1824 381 1886 revocat,
412 1819 473 1878 sive
496 1818 596 1897 priora
619 1817 753 1878 membra
781 1816 1005 1878 indeclinabilia
1028 1823 1098 1877 sunt
1119 1819 1181 1878 sive
1204 1817 1296 1879 decli-

125 1918 250 1980 nabilia.
282 1916 378 1998 Atque
393 1936 507 1979 cumea
523 1921 706 1999 praepositio
721 1921 780 1979 vim
793 1925 823 1979 et
838 1925 1014 1998 potestatem
1029 1917 1137 1980 habeat
1151 1919 1295 1982 latissime

124 2026 280 2100 patentem
303 2015 341 2099 (r.
364 2038 394 2098 p.
417 2016 485 2099 29),
509 2021 575 2082 lieri
598 2039 669 2082 sane
691 2039 751 2082 non
772 2027 888 2099 potest,
917 2021 990 2100 quin
1012 2019 1153 2080 nonnulla
1176 2024 1295 2083 nomina

125 2121 283 2182 commode
306 2120 510 2200 explicentur;
540 2122 596 2184 alia
624 2130 723 2184 tamen
756 2124 891 2201 torqueri
913 2138 1036 2181 neccsse
1066 2127 1125 2190 est,
1155 2128 1186 2182 ut
1209 2129 1295 2201 aptus

125 2241 235 2284 sensus
256 2221 396 2300 prodeat;
419 2224 451 2282 in
474 2225 513 2286 iis
529 2231 628 2285 autem
650 2221 836 2293 nominibus,
860 2240 936 2302 quac
957 2221 1097 2282 desinunt
1119 2223 1151 2282 in
1174 2221 1294 2306 -γενήε,

69 2398 72 2406 1
121 2324 238 2400 illudq
267 2323 330 2384 vult
361 2322 442 2384 idem
470 2343 535 2385 esse
564 2343 598 2386 ac
625 2343 684 2403 pro
713 2324 773 2386 slve
812 2326 844 2384 iu
872 2325 984 2394 lucem,
1015 2331 1047 2383 ut
1074 2324 1114 2383 sit
1141 2321 1295 2402 etintendit

124 2425 219 2486 ‘bono
243 2425 309 2486 loco
332 2426 369 2485 in
391 2425 512 2488 lucein
536 2427 685 2503 editus’,
709 2445 768 2487 non
785 2425 965 2504 simpliciter
979 2424 1070 2488 ‘bono
1084 2423 1150 2486 loco
1172 2429 1294 2488 natus'

125 2525 164 2606 (v.
187 2544 217 2606 p.
240 2521 304 2604 32).
341 2525 402 2588 lam
426 2546 496 2591 vero
518 2547 577 2590 non
593 2528 686 2590 audeo
701 2525 857 2608 equidem,
882 2545 949 2588 eum
971 2545 1077 2605 parum
1100 2529 1216 2605 peritus
1238 2530 1294 2588 sim

124 2629 346 2707 comparativae
368 2626 537 2707 linguarum
560 2631 718 2698 scientiae,
746 2628 784 2690 de
806 2630 945 2689 universa
968 2629 1023 2689 bae
1046 2632 1194 2690 sententia
1216 2629 1295 2690 iudi·

123 2731 207 2790 cium
230 2728 345 2800 lacere,
375 2729 427 2791 sed
450 2731 606 2800 nonnulla,
636 2738 670 2792 ut
697 2732 824 2808 ingenue
853 2731 963 2801 fatear,
996 2747 1055 2791 non
1084 2750 1119 2791 ea
1148 2737 1232 2799 sunt,
1261 2737 1295 2790 ut

122 2831 202 2892 mihi
224 2828 312 2891 facile
340 2831 566 2909 persuadeatur.
595 2831 669 2893 Mihi
696 2833 777 2892 enim
805 2833 837 2892 in
864 2831 913 2891 his
939 2829 1059 2912 quidem
1081 2831 1294 2908 nominibusn

122 2934 311 3012 praepositio
333 2950 458 3010 prorsus
478 2932 648 2995 redundare
676 2940 706 2994 et
728 2949 948 3012 supervacanea
977 2951 1042 2994 esse
1064 2932 1196 3002 videtur,
1226 2951 1293 2992 eum

122 3053 203 3116 quae
224 3036 308 3096 notio
330 3035 358 3094 ei
381 3034 540 3106 tribuitur,
570 3054 605 3096 ea
627 3036 687 3096 iam
715 3036 781 3112 ipsa
803 3035 905 3095 radice
926 3052 983 3109 γεν
1010 3036 1169 3114 perspicue
1193 3035 1293 3111 expri-

121 3144 239 3207 matur,
272 3142 303 3196 et
330 3137 408 3198 scire
430 3137 564 3215 prolecto
591 3137 693 3206 velim,
722 3154 792 3198 num
821 3135 892 3215 quid
921 3136 1105 3196 discriminis
1127 3135 1294 3195 intercedat

121 3241 207 3300 inter
228 3236 382 3314 νεηγενή(
406 3237 435 3316 (δ
456 3233 529 3316 336)
554 3244 584 3299 et
605 3235 759 3313 νεογενήε
783 3235 898 3315 (Aesch.
921 3237 994 3298 (llo.
1010 3231 1101 3313 530),
1124 3238 1204 3295 inter
1225 3234 1293 3298 Πυ-

16 3321 17 3342 .
123 3337 262 3418 ληγενήε
286 3339 326 3418 lh.
350 3339 403 3417 Ap.
425 3335 498 3419 398)
522 3346 552 3400 et
572 3337 775 3416 Πυλοιγενή(
799 3338 832 3418 (Β
854 3334 906 3400 54.
929 3335 959 3399 Ψ
980 3333 1064 3417 303),
1093 3339 1170 3398 scire
1193 3337 1292 3407 velim,

122 3461 179 3502 cur
209 3459 268 3502 uon
296 3442 387 3501 etiam
415 3459 471 3520 pro
499 3440 646 3518 διογενής
669 3441 786 3502 dicatur
807 3437 954 3518 διηγενήε
982 3447 1033 3500 aut
1058 3437 1218 3517 νεήγονο(
1239 3457 1294 3518 pro

120 3539 300 3622 νεόγονος,
329 3559 397 3602 cum
419 3541 471 3603 illa
492 3544 608 3603 ratione
631 3543 716 3603 radix
742 3559 800 3616 γεν
823 3543 1049 3620 incompositis
1076 3559 1130 3619 pro
1159 3560 1191 3602 se
1214 3549 1293 3603 stare

16 3677 17 3682 κ
121 3663 184 3706 non
208 3661 296 3722 posse
318 3643 465 3705 rideatur.
495 3643 595 3705 Donec
618 3646 711 3722 igitur
733 3643 807 3704 haec
830 3645 979 3704 sententia
1001 3645 1097 3722 magis
1119 3644 1292 3704 confirmata

16 3787 17 3790 κ
122 3748 200 3816 erit,
234 3744 338 3806 licebit
371 3747 491 3808 interim
524 3745 635 3806 eriani
667 3745 908 3806 emendationem
944 3744 1168 3818 commendare,
1204 3763 1292 3824 quarn

16 3899 17 3904 ,
121 3847 311 3926 splendidam
334 3865 401 3908 esse
425 3855 455 3907 et
477 3865 591 3908 summa
620 3846 707 3907 laude
737 3847 857 3924 dignam
885 3847 1013 3908 maximo
1037 3851 1082 3906 est
1104 3845 1291 3915 documento,

16 3935 25 3976 ⁵
121 3947 203 4029 quod
226 3965 285 4009 non
308 3947 395 4008 modo
411 3949 576 4009 sententiae
600 3950 710 4026 optime
734 3949 873 4008 convenit
889 3946 966 4026 (vide
982 3945 1141 4007 Duentzeri
1164 3947 1232 4006 adn.
1256 3945 1291 4006 ad

17 4087 18 4092 κ
121 4051 152 4111 b.
177 4049 226 4130 1.),
260 4067 363 4109 verum
394 4051 484 4110 etiam
514 4049 667 4110 lenissima
695 4049 858 4109 mutatione
887 4055 956 4109 nata
985 4055 1045 4117 est,
1081 4066 1149 4107 cum
1172 4053 1291 4123 praeter

121 4168 216 4212 unam
225 4149 356 4211 litteram
368 4149 441 4211 nihil
455 4147 629 4212 mutandum
641 4157 729 4210 esset.
744 4148 886 4226 Ἄφενο(
898 4158 997 4210 autem
1009 4166 1068 4208 non
1080 4148 1210 4207 alienum
1227 4164 1291 4207 esse

17 4299 18 4320 .
122 4273 139 4313 a
163 4251 339 4313 nominibus
361 4253 537 4329 compositis
549 4251 694 4328 probatur
710 4251 757 4310 bis
773 4251 861 4310 locis:
875 4251 987 4310 Gallim.
1004 4249 1103 4328 hymn.
1127 4249 1158 4308 in
1174 4247 1233 4308 lov.
1251 4245 1293 4308 84

1072 4350 1089 4397 4
