3124 4682
709 266 713 274 ·
767 213 822 314 ¹ro

219 445 410 522 peregrinam
433 449 542 503 terram
567 443 711 504 abductus
738 446 919 524 mancipium
943 444 1076 502 veniret?
1113 443 1206 502 Immo
1234 461 1305 503 vero
1328 445 1384 504 hoo

219 547 260 604 ita
282 547 375 605 luisse
400 553 480 606 certa
504 547 729 623 argumentandi
758 548 870 606 ratione
899 563 993 624 paene
1026 545 1062 604 ad
1084 544 1230 624 liquidum
1259 545 1385 624 perduci

219 652 325 724 potest.
365 647 447 706 Servi
472 649 551 706 enim
575 647 761 708 Cretensium
789 655 839 708 aut
866 645 1064 728 xpuciirvqrot
1093 647 1113 704 i.
1138 664 1165 704 e.
1194 647 1313 706 venales
1334 651 1385 707 aut

221 745 402 824 ἀφαμιῶται
426 749 485 808 sive
509 747 669 824 κλαρῶται
697 755 747 810 aut
769 749 900 825 μνωῑται
924 755 1019 808 erant.
1064 747 1125 806 lam
1148 765 1218 806 vero
1241 765 1307 807 oum
1330 765 1383 812 ve.-

165 835 167 840 ’
220 849 323 908 nales
346 849 382 909 ab
405 849 578 910 bominibus
599 852 725 929 privatis
747 852 873 929 pecunia
890 852 980 928 empti
1004 856 1033 908 et
1054 848 1132 908 haud
1149 847 1240 908 dubie
1257 866 1384 927 peregre

220 950 335 1009 advecti
368 953 399 1010 in
433 949 558 1010 urbibus
590 951 750 1012 domestica
784 953 880 1012 ollicia
920 957 949 1010 et
980 968 1102 1010 munera
1138 957 1384 1029 exsequerentur,

221 1051 454 1130 aplramiotae
478 1059 591 1121 autem,
616 1051 666 1132 qui
689 1060 717 1111 et
740 1055 798 1131 ipsi
822 1055 852 1112 in
868 1054 1052 1130 privatorum
1068 1051 1222 1134 bominum
1239 1057 1385 1130 potestate

220 1160 318 1226 erant,
348 1155 492 1214 rusticam
515 1155 605 1213 vitam
628 1153 772 1230 degerent
800 1160 829 1212 et
851 1154 977 1232 privatis
1004 1153 1082 1228 agris
1110 1151 1242 1212 colendis
1264 1171 1384 1232 operam

220 1253 339 1324 darent,
375 1255 411 1315 ab
446 1255 493 1314 bis
528 1253 642 1314 duobus
678 1273 831 1314 servorum
868 1253 1030 1332 generibus
1058 1251 1223 1332 palaestrae
1252 1255 1386 1316 custodia

210 1355 402 1416 ¹alienissima
420 1363 498 1426 erat,
522 1363 554 1415 ut
576 1357 614 1416 iis
628 1355 764 1416 Rhianus
779 1357 926 1435 ascriptus
942 1373 1008 1416 esse
1031 1372 1088 1414 non
1112 1356 1252 1434 potuerit.
1276 1355 1385 1417 Contra

219 1457 400 1538 μνωῐται,
423 1460 524 1518 servi
547 1457 708 1537 publici,
733 1476 910 1538 quamquam
928 1458 1055 1516 maxima
1071 1463 1208 1535 exparte
1224 1459 1288 1516 ruri
1305 1459 1386 1518 circa

219 1558 312 1620 urbes
334 1559 507 1620 babitabant
534 1567 563 1619 et
590 1559 718 1638 publicis
747 1562 827 1638 agris
856 1559 989 1620 colendis
1017 1559 1126 1618 intenti
1154 1559 1312 1636 pensiones
1341 1561 1386 1618 rei

220 1659 355 1738 publicae
389 1661 596 1740 persolvebant
630 1660 694 1736 (clr.
730 1661 952 1721 Schoemaunus
984 1660 1003 1719 l.
1027 1660 1044 1719 l.
1075 1679 1104 1738 p.
1129 1655 1216 1739 152),
1250 1660 1408 1720 videntur·

221 1768 333 1831 tamen,
367 1769 401 1822 ut
422 1763 572 1824 Hoeclrius
594 1764 698 1824 Cretae
720 1763 761 1824 lll
783 1783 813 1842 p.
836 1760 877 1824 33
908 1763 1050 1832 coniecit,
1081 1763 1170 1822 etiam
1199 1763 1229 1820 in
1259 1761 1387 1822 urbibus

220 1864 371 1924 interdum
393 1865 551 1924 humiliora
581 1865 725 1946 quaedam
753 1873 782 1925 et
810 1865 929 1925 sordida
961 1865 1128 1924 ministeria
1157 1865 1281 1932 fecisse,
1310 1882 1385 1944 quae

220 1963 255 2024 ad
279 1981 466 2026 communem
494 1969 539 2026 rei
568 1965 706 2046 publicae
735 1984 819 2026 usum
849 1967 1017 2025 necessaria
1041 1971 1149 2024 essent.
1194 1965 1296 2044 ltaque
1319 1984 1386 2026 cum

220 2084 344 2145 prorsus
365 2067 543 2128 incredibile
559 2087 618 2128 non
641 2070 694 2139 sit,
718 2069 839 2128 muoitis
856 2067 992 2127 traditam
1015 2066 1108 2126 luisse
1125 2065 1289 2127 custodiam
1306 2066 1386 2126 illius

220 2169 363 2238 aedilicii,
387 2171 419 2229 in
442 2188 500 2248 quo
522 2172 644 2230 iuvenes
666 2167 785 2248 publice
809 2169 949 2229 luctando
972 2169 1107 2228 exerceri
1131 2167 1269 2237 solerent,
1294 2167 1385 2228 Rbia-

220 2288 291 2329 uum
314 2271 345 2330 in
369 2271 455 2332 Creta
479 2273 635 2332 servivisse
663 2269 836 2350 putantibus
865 2268 940 2328 nibil
969 2269 1049 2328 aliud
1078 2267 1164 2328 nobis
1192 2269 1384 2348 relinquitur,

221 2389 309 2450 quam
331 2379 364 2432 ut
386 2391 422 2432 ex
437 2375 615 2433 munitarum
632 2389 742 2449 genere
765 2389 832 2430 eum
848 2371 938 2430 luisse
956 2370 1160 2455 arbitremur.x
1181 2370 1234 2432 Cui
1250 2372 1385 2450 opinioni

221 2471 251 2532 id
275 2475 401 2534 maxime
424 2473 536 2543 obstat,
561 2473 638 2552 quod
661 2474 785 2550 cogitari
802 2474 919 2550 nequit,
944 2473 995 2550 qui
1018 2472 1082 2532 lieri
1106 2474 1252 2550 potuerit,
1276 2479 1308 2531 ut
1331 2490 1385 2532 uu-

220 2591 308 2652 quam
343 2573 392 2632 ille
427 2592 461 2634 ex
490 2573 546 2633 bac
574 2574 675 2634 servili
705 2573 880 2633 condicione
914 2575 946 2632 in
975 2571 1144 2634 libertatem
1173 2573 1384 2634 vindicaretur.

221 2676 282 2735 Hoc
305 2677 385 2735 enim
409 2675 515 2735 Suidas
537 2675 651 2754 liquido
673 2681 812 2744 testatur,
844 2693 910 2734 curn
940 2675 1027 2734 dicit:
1066 2672 1233 2751 ὕετερον
1256 2675 1292 2737 δὲ
1313 2693 1385 2737 παι-

220 2777 342 2840 δευθεὶς
372 2775 500 2851 ἐγένετο
523 2774 734 2854 γραμματικός
763 2779 783 2837 i.
814 2795 839 2838 e.
863 2777 1011 2838 Rhianum
1041 2783 1233 2856 postquam
1264 2777 1385 2836 servitio

220 2881 378 2940 defunctus
401 2887 493 2948 esset,
523 2879 631 2940 litteris
654 2897 688 2939 se
708 2875 831 2940 dedisse*
856 2886 885 2938 et
908 2884 1000 2939 artem
1024 2880 1246 2956 grammaticam
1269 2879 1384 2960 proies-

221 3000 286 3042 sum
309 3000 384 3042 esse.
429 2981 526 3052 Quare
550 2981 626 3042 nibil
650 2981 722 3042 mibi
744 2981 931 3060 probabilius
954 2981 1085 3049 videtur,
1104 2999 1196 3060 quam
1219 2981 1301 3041 illum
1325 3000 1384 3040 non

220 3085 252 3142 in
275 3084 376 3153 Creta,
401 3083 452 3144 sed
476 3083 533 3144 alia
555 3085 587 3143 in
611 3091 689 3144 terra
713 3101 831 3142 servum
854 3083 956 3144 luisse.

304 3185 383 3246 llaec
417 3187 538 3265 quidem
572 3192 640 3246 sunt
673 3186 785 3252 omnia,
819 3202 895 3264 quae
924 3203 939 3245 a
969 3184 1168 3263 scriptoribus
1195 3185 1325 3264 antiquis
1348 3184 1384 3242 de

220 3287 328 3346 Rhiani
351 3289 409 3346 vita
438 3294 668 3348 commemorata
697 3287 878 3355 invenimus;
916 3286 991 3346 ultra
1019 3303 1094 3364 quae
1123 3303 1177 3344 uos
1204 3287 1279 3344 certi
1309 3283 1384 3344 nibil

220 3390 298 3448 scire
322 3395 425 3466 aperte
448 3387 647 3449 confitendum
670 3394 723 3456 est,
763 3386 962 3466 Quaecunque
985 3386 1040 3448 alia
1064 3386 1100 3446 de
1115 3385 1171 3447 hac
1193 3404 1225 3446 re
1250 3393 1383 3447 statuun-

220 3498 283 3558 tur,
307 3489 449 3550 historiae
473 3489 530 3548 fide
554 3487 747 3568 comprobata
771 3507 828 3548 non
845 3495 927 3557 sunt,
952 3487 1002 3548 sed
1019 3487 1208 3568 quantumvis
1223 3488 1383 3556 arrideant,

220 3599 318 3651 tamen
342 3609 408 3650 cum
432 3590 590 3650 divinando
613 3592 730 3649 inventa
753 3593 826 3659 sint,
851 3607 905 3668 pro
925 3589 1086 3668 exploratis
1102 3588 1205 3650 baberi
1221 3596 1383 3668 nequeunt.

221 3693 306 3752 (ladit
328 3691 383 3752 boo
406 3694 437 3752 in
460 3691 601 3752 nonnulla
624 3709 742 3760 eorum,
767 3710 842 3770 quae
866 3691 1079 3752 Meinelrius
1103 3691 1184 3750 daal.
1209 3691 1252 3750 Al.
1275 3709 1304 3769 p.
1323 3687 1384 3769 174

220 3794 256 3852 de
280 3795 339 3854 vita
363 3791 444 3852 illius
467 3793 636 3872 disputavit.

305 3894 356 3953 Vir
379 3895 458 3952 enirn
482 3895 741 3970 ingeniosissimus
770 3913 804 3954 ex
834 3893 941 3953 Suidae
971 3893 1070 3954 verbis
1097 3892 1275 3970 (ύγχρονοε
1298 3890 1383 3969 Ἐρα-

219 3995 392 4060 τοεθένουε
415 3998 614 4056 coniecturam
638 3998 732 4074 cepit.
762 3996 908 4055 libianum
932 4013 998 4054 cum
1027 3995 1136 4055 illustri
1159 3995 1215 4055 hoc
1237 4013 1383 4073 gramma·

220 4101 279 4158 tico
303 4095 525 4159 consuetudinis
548 4099 755 4176 amicitiaeque
780 4096 895 4156 vinculo
919 4099 1010 4157 luisse
1032 4098 1242 4158 consociatum.
1265 4097 1383 4156 Etenim

220 4202 266 4260 vix
302 4201 392 4260 licere
427 4203 468 4260 ait
496 4198 620 4260 credere
649 4199 769 4260 Suidam
799 4202 840 4259 ita
873 4197 952 4260 illius
988 4205 1112 4259 aetatem
1147 4199 1383 4278 significaturum
