3124 4682
752 290 903 387 ἡ32-

247 478 373 557 Λοκρόν
389 476 477 544 ὄντα.
503 480 637 559 Denique
653 479 786 540 scholion
802 480 915 540 codicis
930 479 968 539 V:
990 476 1049 542 τόν
1072 476 1107 542 ἐν
1124 475 1320 556 Μυρμιδόειν
1343 475 1415 556 ἄρι-

248 601 330 645 ετον.
367 579 556 658 ἑνηρίθμητο
583 580 646 657 γὰρ
681 578 808 660 αὐτοῑε,
842 578 869 642 εἰ
902 579 953 644 καὶ
982 579 1105 656 Λοκρόε
1131 577 1189 660 ἦν,
1222 579 1414 660 ibidemque:

248 681 380 746 δύναται
404 682 440 744 δέ
463 679 679 758 Μυρμιδόνων
709 681 814 756 λέγειν
835 681 893 744 τὸν
915 679 1045 758 ἄριετον
1073 677 1145 743 οἷον
1173 681 1228 756 τῆε
1252 679 1415 758 Μυρμιδό-

247 801 314 847 νων
344 783 499 860 ετρατιᾱε.
530 781 580 844 διὸ
608 782 661 845 καὶ
688 781 833 859 ἄρκτον,
862 780 902 844 οὐ
930 780 1059 859 κρείττω
1088 778 1187 844 εἶπεν.
1231 781 1274 842 Ex
1297 782 1344 842 bis
1366 783 1416 842 in-

248 885 430 961 tellegimus,
455 883 602 963 duplicem
626 883 778 944 veteribus
799 885 889 944 luisse
906 884 1099 944 offensionem
1122 885 1154 943 in
1176 882 1313 944 versibus
1333 884 1415 944 istis:

248 986 370 1046 alteram
393 985 473 1065 quod
495 985 663 1056 Patroclus,
688 986 846 1046 eLocride
863 985 990 1064 Opuntia
1012 985 1171 1053 oriundus,
1194 984 1414 1063 Myrmidonum

248 1088 329 1165 genti
352 1086 612 1155 adnumeraretur,
643 1086 767 1147 alteram
790 1086 868 1166 quod
897 1085 934 1145 ab
957 1086 1022 1164 ipso
1044 1085 1170 1154 Achille,
1200 1087 1251 1164 qui
1273 1085 1354 1146 solus
1377 1105 1414 1146 ea

248 1186 444 1267 appellatione
467 1187 617 1247 videratur
639 1185 745 1264 dignus
768 1204 843 1255 esse,
867 1187 1086 1264 Myrmidonum
1109 1187 1289 1247 fortissimus
1311 1187 1413 1265 appel·

247 1289 370 1350 larctur.
415 1291 452 1348 At
472 1288 546 1348 haec
569 1295 743 1366 argumenta
771 1287 883 1348 iamin
905 1288 1025 1349 scholiis
1052 1295 1134 1348 recte
1164 1289 1310 1348 infirmata
1334 1295 1413 1348 sunt.

249 1390 322 1452 Nam
346 1390 516 1458 Patroclus,
540 1406 608 1450 cum
630 1389 699 1449 inde
716 1408 731 1450 a
746 1389 850 1468 primis
865 1389 1010 1468 pueritiae
1033 1389 1117 1449 annis
1138 1406 1198 1448 non
1221 1389 1316 1449 solum
1340 1389 1414 1450 edu-

249 1491 371 1551 cationis
393 1491 616 1560 communione,
647 1509 750 1550 verum
772 1491 861 1551 etiam
882 1490 986 1550 intima
1008 1490 1206 1551 familiaritate
1228 1499 1257 1552 et
1279 1492 1415 1552 fraterno

248 1593 376 1672 quodam
405 1609 506 1652 amore
536 1609 603 1652 cum
626 1591 737 1652 Achille
767 1594 945 1652 coniunctus
972 1600 1051 1652 esset
1077 1598 1107 1651 et
1134 1610 1193 1652 una
1222 1609 1290 1652 cum
1318 1593 1415 1652 amico

248 1695 374 1774 eiusque
398 1694 532 1754 exercitu
553 1699 701 1772 pugnaret
728 1703 758 1753 et
779 1693 809 1754 in
838 1706 971 1754 extremo
993 1692 1154 1753 certamine
1182 1693 1266 1754 ducis
1288 1711 1414 1754 munere

247 1797 439 1873 iungeretur,
472 1795 574 1870 quidni
605 1793 822 1873 Myrmidonum
863 1812 928 1854 osse
962 1794 1017 1854 dici
1041 1795 1161 1873 posset?
1196 1793 1308 1854 Deinde
1341 1813 1414 1854 vero

248 1914 315 1957 cum
339 1896 441 1955 Thetis
468 1896 504 1955 ad
533 1895 676 1956 Achillem
704 1895 800 1955 locuta
828 1895 928 1956 verbis
955 1896 1021 1957 εεῑο
1049 1895 1192 1960 ζώοντα(
1218 1896 1299 1956 hunc
1326 1914 1415 1956 ence-

248 1999 342 2078 perit,
371 2004 601 2056 consentaneum
625 2004 683 2070 est,
714 1997 855 2057 Achillem
880 1998 1003 2075 cogitari
1032 2015 1090 2057 non
1118 2014 1220 2076 posse,
1250 1997 1302 2058 sed
1331 2016 1411 2072 eum,

248 2100 299 2178 qui
321 2100 387 2178 ipso
419 2105 543 2177 excepto
572 2099 652 2159 inter
678 2098 809 2178 reliquos
841 2098 1043 2177 Myrmidones
1074 2099 1255 2160 fortissimus
1292 2099 1344 2168 sit,
1381 2106 1414 2158 ut

248 2201 399 2280 aptissime
415 2200 604 2260 Aristarchus
627 2199 796 2260 observavit
817 2198 877 2262 τὸν
900 2197 1028 2276 ἄριετον
1047 2200 1104 2259 boc
1125 2200 1190 2260 loco
1206 2217 1272 2260 esse
1287 2200 1316 2260 id
1332 2200 1413 2280 quod

247 2299 306 2364 τόν
329 2298 401 2379 μετ’
423 2298 523 2363 αὐτὸν
546 2297 683 2377 ἄριετον.
715 2301 847 2380 lienique
870 2307 1093 2380 peropportune
1116 2301 1256 2362 meditata
1278 2308 1324 2360 est
1339 2302 1413 2362 hace

248 2402 390 2464 orationis
412 2401 589 2478 ambiguitas
611 2409 641 2461 et
664 2403 798 2480 apposita
821 2403 857 2462 ad
880 2403 1099 2463 vaticinationis
1127 2402 1351 2471 obscuritatem,
1382 2409 1414 2461 ut

248 2505 407 2565 adnotatur
429 2503 458 2561 in
481 2502 546 2561 cod.
564 2502 602 2562 li:
625 2501 762 2565 πιθανὸν
785 2501 879 2564 δὲτὸ
903 2503 942 2580 μὴ
959 2500 1110 2581 ὀνομαετὶ
1131 2501 1203 2579 περὶ
1219 2499 1413 2578 Πατρόκλου

248 2601 471 2682 προειρηκέναι
503 2601 561 2678 τὴν
600 2600 709 2666 Θέτιν·
745 2603 796 2666 καὶ
827 2603 888 2681 γὰρ
921 2602 940 2667 ὁ
973 2607 1038 2668 τῶν
1071 2606 1218 2681 χρηεμῶν
1251 2602 1413 2680 χαρακτὴρ

247 2705 415 2782 τοιοῦτοε,
440 2701 594 2781 ἐχόμενοε
615 2707 673 2767 τοῦ
696 2703 890 2787 ἀμφιβόλου,
918 2714 947 2766 et
968 2706 998 2765 in
1022 2707 1088 2766 cod.
1112 2708 1150 2766 A:
1174 2702 1282 2782 χαρίεν
1305 2703 1413 2786 τούτῳ

247 2812 292 2889 τῷ
321 2804 432 2886 τρόπῳ
461 2806 629 2882 προειπεῖν
657 2805 714 2884 τὴν
743 2805 852 2869 Θέτιν·
891 2803 930 2869 οὐ
957 2806 1018 2883 γὰρ
1048 2805 1199 2885 ἐβούλετο
1226 2804 1265 2868 τό
1293 2805 1413 2884 μέλλον

249 2906 484 2983 ἐπιτελεεθῆναι
512 2904 642 2970 πάντως
670 2905 704 2970 ἐκ
732 2909 858 2970 πολλοῦ
881 2909 1079 2984 προειποῢεα
1101 2908 1215 2969 λυπεῖν
1242 2906 1301 2971 τὸν
1328 2905 1412 2971 υἱόν.

248 3007 392 3086 ἐπίτηδεε
414 3007 450 3070 δὲ
473 3005 574 3072 εἰπεῖν
595 3007 633 3070 τό
659 3006 875 3087 Μυρμιδόνων
903 3007 961 3071 τὸν
990 3005 1135 3086 ἄρκτον,
1162 3006 1216 3072 ἵνα
1243 3007 1283 3085 μὴ
1312 3027 1412 3088 φανε-

249 3114 314 3187 poc
337 3107 410 3192 εἴπῃ
438 3109 496 3173 τόν
518 3107 722 3187 Πάτροκλον.
768 3109 866 3180 Quare
894 3110 1025 3170 Rhianus
1053 3111 1078 3170 si
1106 3110 1193 3170 nullis
1222 3111 1286 3170 aliis
1314 3115 1413 3172 causis

248 3214 336 3274 nixus
358 3219 417 3281 est,
442 3213 512 3272 satis
535 3220 648 3272 temere
671 3220 701 3272 et
729 3212 949 3272 inconsiderate
978 3214 1054 3290 egit,
1082 3215 1261 3290 praesertim
1284 3230 1351 3272 cum
1375 3231 1412 3272 ne

249 3313 455 3374 antecedentia
484 3315 604 3394 quidem
633 3313 724 3373 verba
752 3314 862 3374 intacta
891 3299 1049 3391 reliquisse
1079 3313 1226 3392 putandus
1254 3315 1308 3374 sit:
1343 3333 1410 3374 nam

249 3433 316 3476 cum
339 3415 417 3475 salva
439 3417 585 3476 orationis
607 3415 833 3474 continuatione
860 3414 891 3474 hi
921 3414 979 3474 duo
1001 3433 1106 3474 versus
1133 3415 1325 3474 exterminari
1353 3433 1411 3476 non

247 3524 384 3597 possent,
414 3515 576 3576 clausulam
603 3514 749 3576 versus9
777 3517 817 3577 ita
847 3523 962 3576 mutare
991 3516 1161 3576 necessario
1189 3523 1309 3576 coactus
1337 3525 1411 3586 erat,

248 3626 281 3679 ut
304 3617 453 3678 mutilatae
477 3616 620 3678 orationis
648 3619 763 3696 species
790 3618 876 3696 plane
900 3624 1107 3688 evanescerot;
1137 3635 1171 3677 ac
1200 3617 1326 3678 forsitan
1349 3637 1412 3678 mu·

249 3721 371 3780 tationis
394 3719 456 3779 eius
478 3720 603 3796 vestigia
626 3719 761 3796 indagari
790 3721 906 3797 possint
927 3721 959 3779 in
982 3719 1095 3779 scholio
1124 3717 1160 3778 ad
1184 3737 1209 3778 ν.
1235 3716 1269 3780 9:
1308 3718 1412 3782 διεπέ-

248 3823 353 3898 φραδε
380 3818 430 3882 καί
457 3837 511 3896 μοι
537 3817 658 3883 έειπεν·
692 3817 806 3899 ὅμοιόν
834 3817 899 3883 έετι
927 3824 973 3902 τῷ
1004 3817 1104 3882 ιέποε
1135 3817 1167 3880 τ’
1195 3817 1294 3898 ἔφατ’
1317 3817 1353 3882 ἔκ
1380 3819 1414 3882 τ’

250 3919 430 4000 ὀνόμαζεν»
455 3921 514 4000 (Β),
538 3940 613 4000 quac
638 3921 727 3983 verba
751 3922 828 3983 dicta
852 3941 917 3984 esse
941 3922 1037 3982 videri
1060 3928 1186 4000 possunt
1208 3921 1244 3980 ad
1272 3921 1413 3982 relellen-

249 4025 319 4085 dum
343 4024 487 4084 editorem
517 4023 663 4103 aliquem,
692 4027 743 4105 qui
770 4025 846 4086 hanc
873 4025 1053 4085 locutionem
1086 4030 1258 4083 mutaverat.
1303 4022 1413 4083 Verum

249 4126 324 4187 mihi
359 4127 448 4187 etiarn
484 4125 571 4186 aliam
606 4145 730 4206 eamque
764 4127 932 4204 graviorem
962 4125 1103 4186 athetasis
1131 4141 1248 4184 causam
1279 4123 1415 4185 Rhianus

249 4227 389 4290 hahuisse
405 4229 535 4298 videtur,
553 4246 639 4308 quarn
657 4227 841 4289 Dnentzerus
856 4229 885 4288 in
907 4227 977 4328 edit.
1001 4226 1036 4286 ad
1053 4226 1082 4285 h.
1100 4225 1118 4284 l.
1134 4227 1239 4305 paucis
1254 4225 1413 4288 indicavit:
