3124 4682
757 281 908 378 go—

252 473 441 534 lectiones
474 473 556 532 eius
589 471 795 541 editionis,
830 489 905 550 quae
935 471 965 530 in
999 468 1122 530 scholiis
1146 477 1276 540 exstant,
1301 473 1342 532 ita
1377 473 1418 532 in

253 592 404 634 examen
428 573 614 633 vocandae
638 579 737 640 sunt,
767 578 799 631 ut
821 590 895 650 quas
917 589 1023 632 causas
1052 565 1099 631 illa
1124 573 1256 632 mutandi
1279 572 1420 632 habuerit

252 675 376 754 etquid
399 680 481 734 recte
504 673 612 753 quidve
635 672 903 742 falsomutaverit‚
933 673 1113 750 investigare
1147 691 1297 734 conemur.
1342 673 1420 734 Sunt

233 783 352 840 ,autem
375 794 433 835 non
457 775 522 853 plus
545 774 741 854 quadraginta
764 775 908 853 quinque,
933 791 1007 853 quas
1029 775 1132 851 paucis
1155 769 1331 852 exceptis²²l
1354 793 1418 834 om-

252 895 306 937 nes
329 876 473 937 debemus
495 874 613 954 Didymi
635 873 722 936 libris
737 874 781 934 'de
812 875 975 935 Aristarchi
1008 877 1183 935 recensione
1207 875 1365 936 Homerica
1388 883 1420 935 et

252 979 474 1038 commentariis
497 976 675 1036 Homericis.
685 971 721 1054 ²³)
1255 983 1257 988 ’

338 1081 433 1157 Atque
456 1077 505 1138 hic
528 1076 648 1156 quidem
672 1076 744 1136 ordo
760 1076 945 1146 servabitur,
969 1083 1001 1138 ut
1023 1079 1153 1156 primum
1169 1074 1329 1154 ἀθετήεειε
1351 1079 1371 1138 i.
1389 1097 1417 1138 c.

253 1197 356 1240 versus
378 1198 394 1238 a
416 1178 532 1238 libiano
556 1179 662 1246 eiecti,
694 1177 802 1238 deinde
825 1177 969 1237 lectiones
991 1196 1028 1238 ex
1051 1181 1175 1238 vetustis
1198 1177 1419 1258 exemplaribus

252 1288 425 1359 susceptae,
449 1279 578 1358 denique
602 1278 707 1339 libiani
731 1279 920 1339 coniecturae
944 1269 1186 1358 percenseantur.

821 1463 847 1524 1.

337 1600 446 1661 Notum
474 1596 562 1680 est²⁴)
592 1599 773 1660 Zenodotum
802 1601 933 1678 primum
967 1596 1044 1658 obeli
1078 1602 1163 1678 signo
1196 1603 1302 1662 critico
1330 1619 1416 1660 usum

252 1720 333 1770 esse,
359 1708 390 1761 ut
413 1719 515 1761 versus
531 1703 648 1779 spurios
670 1703 732 1760 sive
747 1699 925 1761 subditicios
942 1697 1166 1781 (ἀθετούμενα,
1189 1699 1417 1782 νενοθευμένα,

251 1800 505 1882 ὑποβεβλημένα)
531 1803 624 1862 videri
642 1801 823 1872 declararet;
847 1802 921 1862 alios
942 1809 1002 1862 tam
1019 1801 1158 1880 indignos
1173 1803 1278 1864 habuit
1293 1802 1416 1863 Homeri

252 1905 373 1980 ingenio
395 1904 441 1964 vol
463 1911 522 1962 tam
546 1901 658 1962 alienos
681 1905 929 1963 asententiarum
953 1922 1047 1972 nexu,
1071 1911 1104 1963 ut
1126 1923 1162 1964 ne
1183 1905 1336 1983 reciperet
1350 1906 1416 1983 qui-

251 2005 319 2064 dem
342 2007 373 2064 in
397 2005 602 2064 recensionem
625 2021 725 2073 suam,
755 2004 792 2064 de
820 1988 939 2082 quibus
957 2004 1133 2065 scholiastae
1156 2005 1298 2066 adnotare
1321 2007 1418 2066 solent

252 2103 330 2168 οὐδὲ
358 2103 512 2184 ἔγραφεν.
556 2106 618 2166 lam
652 2105 760 2164 Rhiani
793 2107 852 2165 nisi
881 2113 942 2165 tres
976 2105 1167 2166 athetases
1200 2125 1259 2166 non
1288 2107 1416 2168 traditae

251 2213 336 2276 sunt,
378 2225 505 2286 cumque
544 2209 575 2267 in
619 2205 741 2266 scholiis
780 2205 829 2265 his
871 2205 1008 2280 versibus
1045 2209 1208 2286 ascriptum
1239 2210 1279 2268 sit
1310 2206 1346 2271 ἐν
1378 2213 1417 2288 τῇ

251 2305 382 2370 Ῥιανοῦ
416 2307 475 2371 οὐκ
504 2305 584 2384 ἦεαν
624 2307 669 2366 rel
700 2303 760 2368 οὐκ
793 2303 974 2384 ἐφέροντο,
1014 2306 1194 2368 abstinuisse
1228 2309 1346 2370 videtur
1379 2309 1417 2369 ab

251 2409 330 2468 obeli
354 2427 418 2470 usu.

225 2513 242 2576 l
340 2507 361 2570 C
391 2507 439 2568 10.
473 2507 521 2569 11.
567 2508 672 2569 Occiso
701 2509 838 2570 Patroclo
868 2510 1042 2570 Antilochus
1070 2510 1104 2570 ad
1129 2511 1272 2572 Achillem
1296 2513 1415 2582 missus

252 2613 300 2671 cui
315 2611 482 2670 luctuosum
499 2612 635 2671 nuntium
653 2611 769 2680 allerat,
787 2611 864 2674 bunc
881 2615 1026 2671 maestitia
1043 2612 1202 2681 aissictum,
1226 2613 1300 2672 mala
1317 2615 1416 2674 animo

251 2714 489 2792 praesagientem
518 2713 647 2772 invenit:
677 2731 744 2772 nam
774 2731 840 2773 cum
864 2713 990 2772 Achivos
1012 2732 1027 2772 a
1051 2713 1188 2772 Troianis
1215 2714 1352 2792 repulsos
1376 2717 1417 2774 vi-

251 2815 338 2875 derit
360 2823 389 2872 et
411 2816 442 2873 in
471 2815 570 2890 lugam
600 2815 764 2884 coniectos,
794 2813 893 2874 subito
923 2816 950 2874 ei
974 2817 1005 2874 in
1035 2825 1163 2874 mentem
1194 2817 1274 2875 venit
1302 2833 1415 2887 eorum,

318 3066 362 3131 22)
381 3063 469 3117 Maur.
490 3062 703 3118 Schmidtius
720 3063 834 3133 Didymi
852 3080 879 3132 p.
899 3068 1030 3116 116-211
1050 3078 1146 3117 omnes
1163 3063 1296 3118 lectiones
1316 3065 1352 3118 ad
1369 3065 1416 3118 Di·

250 3147 364 3217 dymum
382 3149 469 3202 rel'ert
486 3151 600 3218 praeter
618 3165 635 3203 α
655 3154 711 3202 124.
730 3155 788 3202 297.
807 3151 822 3202 δ
842 3154 881 3202 12.
902 3154 958 3203 158.
979 3155 1041 3212 702,
1064 3164 1137 3216 quae
1156 3165 1218 3200 cum
1235 3165 1253 3202 a
1270 3149 1415 3202 Dindorfio

249 3233 362 3286 demum
379 3231 486 3302 publici
503 3233 570 3286 iuris
587 3233 679 3287 factae
696 3232 766 3298 sint,
784 3231 951 3286 sinendum
968 3231 1122 3288 innotuisse
1140 3231 1277 3286 ridentur.

317 3322 360 3384 23)
380 3316 457 3370 Haec
482 3318 610 3387 paucitas
636 3316 787 3370 lectionum
814 3316 969 3385 explicatur
995 3317 1038 3370 his
1064 3317 1156 3371 verbis
1177 3317 1218 3370 La
1240 3317 1336 3371 Roehii
1357 3318 1374 3377 1,
1395 3319 1414 3373 1.

249 3419 276 3470 p.
295 3408 327 3456 58
345 3418 398 3469 sq.:
430 3401 576 3470 ‘Didymus
593 3401 698 3454 kannte
722 3400 796 3455 diese
815 3402 967 3470 Ausgaben
989 3419 1042 3455 nur
1063 3419 1113 3456 aus
1136 3401 1189 3455 den
1208 3401 1346 3456 Schriften
1364 3403 1415 3458 des

249 3485 392 3540 Aristaroh
409 3485 466 3539 und
485 3485 535 3539 der
552 3483 672 3554 iibrigen
690 3485 797 3539 alteren
814 3485 1036 3553 Alexandriner,
1053 3486 1141 3540 daher
1159 3502 1190 3540 er
1207 3485 1265 3540 sich
1283 3487 1355 3541 auch
1373 3489 1417 3540 oft

249 3571 312 3624 sehr
330 3570 513 3624 unbestimmt
531 3568 694 3635 ausdriiokt,
711 3569 763 3624 wie
782 3571 863 3635 ἔνιοι,
881 3572 969 3638 τινές,
993 3573 1086 3636 ἄλλοι,
1108 3571 1279 3638 χαριέετεροι
1296 3587 1323 3624 n.
1336 3588 1357 3624 s.
1369 3589 1414 3640 w.‚

249 3672 329 3710 wenn
347 3653 395 3709 bei
413 3653 508 3707 diesen
531 3653 575 3706 die
594 3651 711 3717 Quellen
733 3653 810 3708 nicht
832 3653 976 3708 bestimmt
998 3655 1165 3723 angegeben
1187 3671 1288 3708 waren.
1325 3655 1414 3711 WAre

249 3738 392 3792 Aristarch
409 3739 461 3790 mit
482 3737 532 3791 der
551 3736 738 3807 Genauiglreit
760 3757 793 3792 zu
811 3739 914 3792 Werke
938 3755 1098 3807 gegangen‚
1120 3738 1172 3791 mit
1195 3737 1245 3792 der
1262 3756 1328 3793 man
1345 3740 1415 3794 heut

248 3841 281 3876 zu
300 3823 378 3891 Tage
396 3841 430 3875 zu
446 3822 594 3876 verlahren
611 3822 711 3892 pflagt,
735 3839 765 3876 so
784 3824 904 3877 wiissten
925 3823 975 3876 wir
992 3823 1104 3892 gewiss,
1125 3840 1183 3876 was
1205 3840 1241 3877 an
1254 3823 1337 3891 jeder
1355 3824 1413 3878 ein-

249 3907 343 3962 zelnen
363 3906 447 3960 Stella
473 3907 502 3959 in
528 3907 582 3960 den
600 3908 751 3975 Ausgaben
774 3923 828 3961 von
847 3906 982 3974 Massilia,
1010 3906 1092 3962 Chios
1115 3907 1182 3962 oder
1203 3908 1233 3960 in
1257 3907 1347 3962 denen
1364 3909 1415 3963 des

248 3991 384 4054 Rhianus,
404 3991 530 4044 Zenodot
547 3991 604 4044 und
623 3991 821 4060 Aristophanes
839 3992 994 4060 gastandan
1011 3991 1074 4058 hat,
1098 4007 1128 4044 so
1147 3992 1216 4046 aber
1234 3991 1297 4060 gibt
1314 4009 1344 4046 er
1361 3993 1416 4048 mit

249 4077 374 4131 seltenen
391 4076 570 4130 Ansnahmen
591 4075 654 4130 blos
676 4076 713 4130 da
735 4094 828 4145 ganan
849 4076 894 4130 die
917 4075 1032 4141 Quellen
1056 4093 1103 4144 an,
1130 4092 1173 4131 wo
1197 4094 1227 4130 er
1248 4077 1301 4129 mit
1322 4077 1414 4132 einem

248 4160 330 4214 'l'heil
348 4161 397 4214 der
414 4163 567 4234 Ausgaben
584 4163 662 4218 nicht
679 4161 923 4217 iibereinstimmt.’

316 4249 359 4314 24)
379 4245 433 4302 Cir.
444 4248 600 4302 Beeeardus
618 4249 636 4302 l.
655 4246 673 4300 l.
691 4264 718 4315 p.
736 4252 778 4300 49.
803 4245 843 4300 La
861 4245 981 4299 Dochius
998 4245 1016 4299 l.
1034 4246 1052 4302 l.
1066 4263 1092 4314 p.
1112 4255 1152 4302 50.
