3124 4682
720 212 893 346 fler„

237 451 297 502 tum
314 439 389 505 ιὶιςεί
402 439 467 504 τιν’
489 437 641 519 ἀτίμητον
664 438 859 518 μετανάςτην
874 442 1033 520 pertineat.
1065 439 1123 498 Sed
1146 439 1255 516 priore·
1271 437 1348 507 loco,
1371 438 1408 498 in

231 564 295 624 ⁴quo
318 561 386 604 cum
409 541 530 604 Achillis
551 559 679 622 persona
695 561 768 616 ,non
792 543 965 620 designetur
987 540 1177 632 pronomine,
1207 537 1408 618 μετανάςιην

237 645 403 706 necessario
435 643 471 704 ad
504 644 639 705 Briseida
674 643 749 724 (τήν)
785 645 901 705 videtur
937 642 1129 704 referendum
1164 661 1245 711 esse,
1286 647 1410 702 veteres

237 747 424 830 grammatici
450 748 531 807 varia
558 751 762 815 tentaverunt,
797 747 826 807 id
858 745 937 826 quod
966 745 1063 804 elucet
1092 763 1127 804 ex
1158 743 1292 812 scholiis,
1327 762 1407 822 quae

237 849 285 910 hic
308 847 406 908 omnia
429 847 571 910 subiciam
595 865 717 909 necesse
741 854 802 908 est:

321 947 587 1026 μετανάςτην·
626 947 662 1012 ἐν
695 953 733 1030 τῇ
769 949 1057 1027 Μαςςιλιωτικῇ
1092 944 1141 1008 καὶ
1174 951 1211 1030 τῇ
1244 943 1408 1010 Ῥιανοῦ

238 1053 516 1130 μεταναςτεῑν,
535 1050 594 1114 καὶ
622 1049 773 1114 ἀκούουςι
799 1051 857 1127 τὴν
887 1049 1041 1127 Βριςηῖδα.
1071 1046 1207 1110 ἐδόκουν
1232 1047 1273 1110 δὲ
1296 1046 1409 1126 ἀτιμό-

236 1173 324 1231 τεροι
347 1149 430 1216 εἶναι
452 1150 483 1216 oi
504 1152 643 1230 μέτοικοι
667 1149 712 1214 ὡς
735 1151 786 1214 διὰ
808 1151 983 1230 μοχθηρίαν
1011 1137 1222 1226 τρόπωντὰς
1244 1146 1329 1214 ἰδίας
1351 1169 1408 1212 κα-

237 1253 439 1319 ταλιπόντες.
463 1253 558 1318 «κατὰ
580 1252 674 1320 ξένου
697 1253 866 1332 μετοίκου»
890 1251 909 1314 δ
932 1251 1076 1329 κωμικός.
1105 1252 1137 1332 ll.

323 1356 341 1418 ὁ
365 1356 421 1432 μὲν
448 1354 703 1433 Ἀρίςταρχος
730 1353 848 1434 γράφει
881 1352 1140 1432 μεταναςτήν,
1168 1352 1220 1416 καὶ
1242 1352 1325 1430 πρὸς
1347 1353 1409 1430 τὴν

240 1457 387 1536 Βριςηῖδα
409 1455 532 1520 ἀκούει·
556 1455 574 1523 ὁ
598 1457 633 1520 δὲ
655 1455 897 1534 Ἡρωδιανὸς
918 1454 1091 1533 αἰτιατικὴν
1107 1453 1179 1518 ἀντὶ
1194 1457 1321 1530 γενικῆς
1344 1475 1409 1532 φη-

239 1561 303 1637 ςίν,
324 1558 373 1622 ἵν’
395 1559 430 1642 ᾖ,
452 1556 497 1621 oc
519 1557 554 1621 ἐκ
575 1559 682 1636 χειρὸς
705 1557 857 1637 ἀτιμήτον
880 1556 1077 1637 μετανάςτοο
1101 1554 1262 1635 ἀφείλετο,
1286 1557 1359 1620 BL.

322 1659 342 1737 ἡ
366 1661 477 1740 διπλῆ,
502 1657 551 1722 ὅτι
581 1659 653 1723 ἀντὶ
673 1664 731 1724 τοῦ
760 1658 912 1739 ἀτιμήτοιι
940 1657 1150 1737 μετανάςτον,
1181 1657 1227 1720 ὡς
1253 1655 1291 1720 τὸ
1322 1655 1411 1720 «ἐπεί

241 1762 276 1840 μ’
299 1760 456 1841 ἀφέλεςθέ
478 1779 516 1836 γε
539 1759 667 1824 δόντες»
693 1761 726 1841 (Α
748 1759 821 1840 299)
847 1760 918 1826 ἀντὶ
939 1763 998 1824 τοῦ
1013 1759 1102 1838 ἐμοῦ.
1127 1762 1160 1822 A.

325 1861 410 1932 Quod
431 1864 567 1924 Rhianus
589 1864 803 1926 Massiliensem
828 1871 948 1926 secutus
960 1865 1096 1942 posuisse
1109 1863 1248 1934 traditur,
1271 1879 1411 1939 μετανα-

240 1967 344 2046 ςτεῑν
368 1984 427 2026 non
450 1972 549 2044 potest
572 1984 636 2027 esse
660 1984 718 2026 non
736 1967 939 2046 depravatum.
970 1965 1032 2026 lam
1048 1965 1285 2026 emendationem
1303 1983 1410 2044 quam-

239 2068 283 2128 vis
306 2070 404 2130 causis
426 2086 486 2128 non
510 2067 617 2128 additis
639 2071 796 2148 proposuit
817 2067 1032 2128 Loheckius
1053 2065 1144 2146 paral.
1169 2086 1198 2145 p.
1216 2063 1278 2127 433
1301 2085 1331 2126 n.
1347 2062 1409 2126 52:

241 2170 476 2249 «ascenderetis,
507 2169 585 2246 quod
608 2170 799 2230 Aristarchus
823 2169 850 2248 (l)
881 2188 916 2229 ex
945 2168 1018 2229 Chia
1048 2166 1074 2247 (l)
1106 2170 1258 2247 recepisse
1286 2167 1409 2237 dicitur,

239 2270 312 2330 nihil
335 2271 415 2332 aliud
438 2289 503 2332 esse
531 2278 629 2351 potest
657 2289 745 2352 quam
767 2269 982 2351 μετανάςτιν»,
1005 2288 1079 2350 quae
1108 2270 1278 2330 emendatio
1301 2288 1409 2350 quam·

213 2391 328 2452 'quam
349 2374 382 2433 in
404 2373 498 2434 lexica
522 2373 689 2452 multosque
713 2373 805 2432 libros
828 2373 900 2433 alios
923 2374 1058 2442 transiit,
1082 2372 1154 2431 mihi
1176 2391 1235 2432 non
1251 2371 1408 2450 probatur,

240 2475 292 2534 sed
315 2474 402 2534 aliam
425 2480 496 2552 puto
519 2477 550 2534 in
573 2482 714 2554 promptu
737 2493 802 2535 esse
825 2473 998 2544 medellam,
1027 2493 1103 2553 quae
1127 2475 1252 2534 diversis
1281 2473 1410 2533 scholia·

240 2584 352 2636 starum
377 2575 594 2637 adnotamentis
617 2578 784 2638 accuratius
799 2574 988 2655 perlustratis
1003 2576 1082 2638 haud
1103 2577 1168 2638 sine
1192 2574 1408 2654 probabilitate

240 2684 342 2738 nostro
364 2677 430 2736 loco
452 2680 547 2757 possit
569 2677 717 2738 adhiberi.
1311 2675 1313 2678 ’

339 2779 381 2839 Ac
417 2779 530 2840 scholio
558 2781 582 2839 A
620 2779 738 2860 quidem
769 2780 978 2849 Aristarchus',
1017 2798 1106 2858 quem
1143 2779 1224 2858 loqui
1260 2775 1280 2854 ἡ
1310 2779 1408 2854 διπλῆ

240 2881 342 2950 docet,
386 2899 444 2960 qua
486 2889 549 2942 erat
585 2875 689 2942 iudicii
727 2883 869 2952 sanitate,
915 2879 1139 2959 μετανάςτην
1182 2880 1218 2940 ad
1262 2879 1408 2941 Achillem

240 2983 336 3043 fertur
358 2983 524 3052 rettulisse,
548 3003 603 3063 pro
625 2987 764 3062 genetivo
787 2984 824 3045 ah
847 2981 882 3044 ἐκ
908 2986 1025 3060 χειρῶν
1048 2997 1192 3062 suspenso
1208 2983 1408 3043 accusativum

240 3085 370 3164 positum
406 3103 470 3146 esse
493 3092 576 3146 ratus
605 3087 641 3148 ad
665 3085 894 3148 simflitudinem
917 3085 1107 3164 pervulgatae
1131 3091 1299 3146 structurae
1323 3083 1407 3145 verbi

240 3183 440 3266 ἀφαιρεῖςθαι
464 3204 530 3248 cum
554 3189 664 3268 duplici
698 3189 866 3249 accusativo
896 3186 1056 3248 coniuncti.
1101 3187 1183 3246 Vnde
1207 3187 1349 3260 allicitur,
1376 3194 1409 3246 ut

241 3289 414 3350 tralaticiam
437 3292 601 3350 servaverit
623 3293 804 3370 scripturam
832 3287 1035 3367 μετανάςτην.
1079 3287 1162 3358 Quod
1193 3305 1261 3348 cum
1289 3289 1330 3348 ita
1358 3291 1407 3358 sit,

240 3391 306 3450 fieri
339 3408 400 3449 non
432 3395 530 3468 potest
564 3393 638 3470 quin
667 3391 801 3452 scholion
830 3391 897 3460 BL,
931 3391 984 3452 uhi
1019 3391 1148 3451 eundem
1181 3389 1408 3468 μεταναςτήν

241 3492 397 3572 scripsisse
421 3491 571 3552 intellecta
586 3493 723 3553 Briseide
746 3492 891 3570 legimus,
915 3493 985 3553 vitio
1008 3491 1139 3563 laboret;
1163 3492 1215 3552 sed
1238 3491 1408 3552 remedium

240 3610 386 3672 quaerere
410 3591 532 3654 dillicile
555 3613 615 3654 non
638 3601 696 3664 est,
725 3596 804 3673 quia,
840 3612 906 3654 oum
942 3612 1017 3673 quae
1041 3593 1211 3654 Herodiano
1233 3585 1410 3654 tribuuntur

240 3713 362 3773 prorsus
391 3703 555 3772 congruant
583 3713 650 3756 cum
680 3695 792 3756 scholio
820 3697 858 3764 A,
888 3701 1006 3758 nomina
1035 3699 1075 3756 ita
1104 3696 1312 3757 commutanda
1342 3715 1408 3757 esse

240 3803 335 3875 patet,
361 3804 393 3855 ut
414 3814 469 3875 pro
492 3797 661 3860 Herodiano
683 3799 901 3873 Aristarchum,
933 3817 987 3877 pro
1009 3798 1182 3858 Aristarcho
1205 3797 1408 3860 Herodianum

240 3895 476 3979 reponamusffi)
507 3899 557 3960 Sic
579 3901 652 3961 haec
675 3901 785 3980 optime
808 3903 887 3960 inter
910 3920 941 3960 se
965 3906 1174 3964 consentanea.
1205 3899 1319 3961 Deinde
1336 3919 1408 3961 vero

308 4134 350 4200 31)
370 4132 414 4187 Sic
435 4131 521 4206 igitur
538 4133 701 4203 legendum:
729 4135 745 4189 ὁ
773 4136 824 4201 μὲν
852 4136 1062 4202 Ἡρωδιανὸς
1088 4136 1191 4203 γράφει
1218 4135 1407 4203 μεταναςτήν,

240 4217 370 4285 καὶπρὸς
387 4221 441 4286 τὴν
454 4221 585 4289 Βριςηῑδα
597 4220 703 4274 ἀκούει·
723 4221 739 4274 ὁ
757 4221 788 4274 δὲ
806 4220 1029 4288 Ἀρίςταρχος
1047 4221 1205 4288 αἰτιατικὴν
1219 4220 1282 4276 ἀντὶ
1294 4225 1409 4289 γενικῆς
