3124 4682
822 305 865 369 20

264 502 394 581 itemque
416 499 472 559 hae
495 499 624 564 formae,
653 515 729 574 quae
752 515 929 576 quamquam
952 497 1030 576 apud
1053 496 1217 559 Homerum
1245 502 1345 579 ipsum
1372 521 1436 563 non

266 602 476 668 inveniuntur,
507 617 565 658 non
594 605 726 675 pugnant
755 606 853 656 tamen
875 616 943 656 cum
966 601 1033 657 eius
1054 598 1183 658 dialecto
1204 602 1386 676 πελόμεεθα
1409 604 1434 663 l.

267 703 301 772 1,
326 701 359 772 1,
381 698 522 776 παρέωει
545 699 566 758 1.
593 697 621 766 1,
645 696 674 764 7,
697 696 845 770 ἑκγένετο
860 701 894 759 A.
919 697 947 768 1,
969 696 1000 768 2,
1030 719 1166 779 proquo
1189 702 1336 762 Homerus
1358 705 1437 764 dicit

265 823 334 864 cum
356 809 517 880 augmento
539 797 727 874 ἐξεγένοντο
754 798 776 860 Ε
797 796 868 860 637.
890 797 919 860 Ξ
943 798 1012 862 115.
1039 800 1068 861 Υ
1089 798 1161 861 231.
1183 799 1256 864 305.
1278 838 1322 847 -
1343 805 1436 865 Par-

266 905 406 966 ticulas
427 902 517 962 habet
538 902 666 962 Homero
689 903 827 979 proprias
848 899 929 976 ἀτάρ
945 901 999 960 Th.
1014 898 1052 980 2,
1074 900 1176 979 αὐτάρ
1191 913 1222 962 et
1236 903 1284 966 ἰδέ
1306 905 1434 976 ibidem,

264 999 1434 1082 ἠέ1.1,15,ἦᾶροδή1.1,1(ο1τ.Ν446),κέ1.1,3.9.16,

265 1106 317 1170 ὅθι
337 1125 372 1170 τε
395 1107 418 1166 l.
444 1104 476 1174 l,
500 1103 529 1174 7,
559 1101 600 1180 ῥά
627 1121 695 1162 cum
722 1103 844 1162 relativo
870 1107 1047 1182 pronomine
1075 1109 1266 1166 coniunctum
1290 1107 1324 1166 A.
1350 1107 1378 1177 1,
1402 1107 1434 1178 3,

265 1209 322 1271 rh.
348 1207 375 1278 1,
398 1205 429 1268 3.
452 1240 495 1251 -
517 1206 608 1266 Prae
616 1205 831 1282 positiones
857 1208 1013 1284 usurpavit
1034 1206 1192 1267 Homerica
1215 1210 1434 1270 consuetudine

266 1307 341 1374 ποτί
363 1309 419 1370 Tb.
444 1305 492 1376 13,
521 1303 588 1381 πάρ
609 1305 647 1364 ll.
670 1301 707 1374 3;
737 1304 947 1365 adverbialiter
969 1310 1070 1386 posuit
1097 1305 1154 1370 εὐν
1182 1307 1218 1370 δέ
1241 1309 1297 1368 Th.
1319 1307 1341 1370 3
1365 1312 1433 1386 (clr.
1550 1325 1551 1382 s

266 1411 296 1476 Ψ
318 1407 390 1472 879.
413 1429 432 1472 κ
452 1404 526 1487 436)
550 1415 580 1466 et
602 1403 654 1468 ἐπί
675 1406 698 1465 1.
727 1404 755 1475 1,
778 1403 814 1476 9;
836 1407 1058 1468 cohoeationem
1082 1411 1217 1469 imitatus
1238 1417 1283 1469 est
1305 1409 1374 1479 1.1,
1394 1409 1435 1472 18

266 1510 365 1594 ἄκρῃ(
386 1509 422 1574 ἐν
444 1509 618 1588 κεφαλῇειν
640 1515 670 1566 et
685 1504 744 1568 1.2
766 1505 904 1582 αὐχένοε
925 1507 958 1572 έξ
980 1507 1133 1578 ὑπάτοιο;
1156 1512 1357 1590 anastrophen
1381 1513 1434 1572 ad·
1550 1555 1551 1564 ,

268 1615 349 1676 misit
370 1613 425 1674 Th.
452 1609 479 1680 1,
502 1607 523 1672 5
545 1611 602 1671 τοῦ
625 1607 658 1670 δ’
680 1605 763 1689 ἄπο,
786 1613 894 1669 tmesin
917 1607 1019 1688 1.1,4
1039 1609 1225 1687 μοκὰρεεειν
1247 1610 1300 1674 ἐπὶ
1322 1611 1434 1689 ψόγον

266 1713 360 1778 αἰνὸν
388 1711 492 1776 ἰάπτει
515 1720 545 1771 et
567 1710 641 1770 ibid.
667 1706 706 1770 16
728 1709 799 1786 μετ’
820 1708 1024 1773 ἀθονάτοιειν
1047 1709 1200 1788 ἀρίθμιοε.
1221 1747 1265 1756 -·
1285 1717 1433 1773 Articu-

266 1817 325 1878 lus
347 1831 466 1894 semper
489 1813 715 1872 demonstrativi
739 1815 925 1890 pronominis
947 1813 1043 1872 locum
1059 1823 1156 1874 tenet:
1179 1813 1229 1876 τοὶ
1251 1812 1285 1875 δ’
1307 1815 1363 1874 Th.
1381 1814 1432 1884 17,

264 1915 381 1980 τοῦδέ
405 1919 437 1976 A.
464 1914 490 1984 1,
513 1911 543 1984 2,
576 1912 635 1989 τήν
661 1931 698 1987 γε
727 1913 781 1972 Th.
808 1912 836 1982 1,
862 1913 888 1981 1,
912 1911 931 1975 ὁ
953 1913 988 1975 δ’
1009 1911 1051 1975 οὗ
1073 1913 1143 1976 τέκε
1173 1915 1229 1974 Th.
1254 1914 1288 1984 1,
1310 1914 1348 1986 4,
1371 1919 1433 1979 τοῦ

265 2017 296 2082 δ’
321 2016 387 2082 ἄπο
410 2017 465 2076 Th.
491 2014 518 2084 1,
542 2013 572 2084 5,
595 2015 654 2091 τὴν
677 2012 735 2091 μέν
758 2015 795 2074 hl.
819 2013 850 2093 5,
871 2013 891 2090 ἡ
915 2014 949 2076 δ’
969 2015 1046 2092 Ἄτη
1069 2016 1091 2075 l.
1117 2015 1145 2085 l,
1171 2014 1220 2076 17.
1241 2051 1284 2060 -
1306 2017 1432 2079 Enun-

266 2124 357 2182 tiata
387 2117 582 2180 conformavit
609 2135 733 2196 prorsus
761 2117 797 2176 ad
825 2117 944 2176 modum
967 2117 1158 2177 Homericum
1185 2118 1350 2196 simplicia,
1375 2123 1431 2180 mi·

267 2231 353 2292 sitite,
377 2220 546 2282 brevissimi
569 2217 713 2287 ambitus,
737 2217 766 2276 id
790 2218 951 2296 quodcum
974 2219 1033 2278 duo
1049 2219 1182 2297 exempla
1197 2219 1253 2279 Th.
1271 2218 1288 2278 1
1305 2227 1335 2280 et
1350 2223 1383 2280 A.
1403 2219 1431 2287 1,

265 2332 328 2384 tum
357 2325 555 2401 fragmentum
578 2320 783 2398 longissimum
806 2319 829 2378 l.
855 2317 871 2377 1
895 2319 1067 2398 planissime
1090 2321 1250 2381 declarant.

351 2424 555 2486 Verborum
590 2421 762 2481 delectus
795 2422 821 2479 is
849 2427 908 2488 est,
942 2429 975 2480 ut
1006 2424 1105 2482 omnia
1138 2424 1202 2482 lere
1230 2422 1372 2483 vocabula
1395 2444 1432 2484 ex

267 2527 394 2588 Homero
428 2525 582 2602 desumpta
615 2525 675 2583 sint
713 2530 763 2582 aut
795 2529 876 2581 certe
915 2523 951 2582 ad
986 2525 1051 2583 eius
1083 2523 1331 2584 consuetudinem
1364 2533 1432 2604 apte

267 2629 364 2690 ollicta
387 2627 519 2706 exceptis
542 2622 664 2704 φατίζω
692 2631 723 2684 et
744 2621 965 2704 presumptio,
993 2643 1069 2703 quae
1097 2627 1156 2684 iam
1184 2641 1274 2704 supra
1302 2644 1432 2686 comme·
1549 2629 1550 2686 ἶ

267 2736 379 2791 morata
403 2735 485 2798 sunt,
509 2725 638 2804 οὐχήειε
661 2725 716 2786 71].
739 2722 774 2805 4,
798 2725 876 2805 quod
899 2728 1049 2786 novicium
1071 2734 1116 2786 est
1138 2725 1314 2788 adieetivum
1337 2735 1367 2786 et
1388 2729 1432 2788 le·
1549 2737 1550 2744 ’

267 2833 346 2909 gitur
369 2839 525 2910 praeterea
548 2830 623 2908 Opp.
653 2828 709 2889 bal.
732 2824 762 2898 2,
786 2825 862 2896 677,
887 2826 1020 2904 ἀρχαῖος
1049 2827 1104 2887 71].
1131 2824 1157 2895 l,
1180 2823 1210 2896 2,
1234 2825 1373 2904 ἀρχῆθεν
1396 2831 1432 2890 A.

269 2931 296 3003 1,
319 2928 350 3002 2,
373 2929 580 3008 πολύδρυμοε
596 2930 629 2990 Ε.
652 2925 682 3008 3,
705 2928 802 3006 κύβοε
825 2929 847 2988 l.
870 2926 900 3007 2,
924 2926 1030 2991 cicuitu
1058 2927 1081 2988 l.
1104 2925 1139 2998 3,
1162 2946 1217 3007 pro
1240 2949 1300 3008 quo
1323 2931 1432 2991 Home·

268 3053 320 3096 rus
343 3033 468 3114 simplex
491 3029 551 3094 ἀίω
575 3033 673 3111 ponit,
703 3029 810 3108 ψόγοε
833 3031 855 3090 l.
882 3029 909 3099 1,
932 3027 968 3100 4;
998 3049 1033 3090 ex
1057 3028 1208 3090 Hesiodi
1237 3029 1292 3090 Tb.
1315 3029 1377 3092 511
1402 3042 1433 3093 et

268 3135 441 3216 Aeschyli
466 3134 568 3213 Suppl.
591 3129 654 3194 542
677 3132 837 3209 assumpsit
859 3128 1052 3208 ἁμαρτίνοοε
1073 3130 1096 3190 l.
1122 3129 1149 3200 1,
1174 3128 1191 3192 1
1215 3127 1283 3211 (cir.
1308 3133 1431 3194 Homeri

268 3234 466 3316 ἁμαρτοεπέε
496 3234 520 3298 Ν
550 3231 638 3310 824),
669 3253 705 3293 ex
734 3232 886 3292 Hesiodi
916 3232 971 3311 Op.
999 3229 1062 3293 479
1091 3229 1237 3308 εὐοχθεῖν
1265 3233 1306 3292 ih.
1330 3230 1365 3304 9,
1394 3254 1432 3296 ex

267 3338 421 3398 Pindari
453 3338 498 3398 Ol.
522 3335 556 3404 7,
580 3332 636 3405 24,
666 3335 750 3414 Pyth.
773 3331 803 3403 3,
829 3330 868 3394 13
900 3340 930 3392 et
958 3334 1132 3413 Aeschyli
1159 3333 1258 3394 Prom.
1281 3331 1344 3396 563
1373 3332 1432 3414 ἀμ-

267 3436 382 3514 alesin
405 3437 446 3498 ih.
469 3433 525 3506 20,
550 3455 584 3495 ex
608 3435 783 3514 Aeschyli
807 3434 888 3513 Sept.
911 3431 974 3495 483
997 3431 1193 3511 ὑπέραυχοε,
1218 3436 1296 3514 quod
1319 3436 1433 3497 Meine-

269 3540 335 3600 hius
358 3539 380 3600 l.
407 3537 439 3608 1,
466 3535 504 3600 13
532 3538 680 3616 reposuit,
705 3555 740 3596 en
761 3535 977 3614 Theognide
992 3532 1055 3597 325
1070 3533 1240 3613 ἀμαρτωλὴ
1256 3537 1298 3597 ib.
1317 3535 1370 3606 12;
1395 3557 1432 3600 ex
1548 3605 1549 3612 ,

268 3639 464 3720 Euripidis
494 3639 582 3718 llipp.
605 3634 669 3698 200
696 3635 835 3714 εὔπηχυε
869 3637 910 3697 ih.
942 3634 995 3706 14,
1035 3635 1218 3714 ἐπιετείβειν
1252 3638 1291 3698 ib.
1322 3636 1358 3697 11
1394 3658 1430 3700 ex
1548 3665 1549 3704 3

268 3742 470 3822 Sophoclis
498 3740 532 3802 0.
564 3740 594 3801 C.
623 3735 680 3808 56;
709 3736 897 3815 έχεκτέανοε
924 3738 964 3798 ih.
994 3736 1012 3798 7
1041 3749 1139 3798 autem
1168 3739 1286 3800 videtur
1315 3743 1434 3819 primus
1548 3797 1549 3826 ,

268 3863 444 3926 usurpasse,
469 3844 598 3922 itemque
622 3839 839 3918 ἑτερόρροποι
861 3837 937 3901 ua
960 3849 990 3899 et
1005 3839 1221 3917 μετατρωχάω
1243 3843 1285 3906 ih.
1303 3840 1351 3910 17,
1375 3843 1432 3904 hoc
1548 3833 1549 3888 l

268 3947 389 4028 quidem
413 3944 448 4006 ad
479 3943 641 4022 analogiam
664 3944 852 4004 Homericam
880 3944 991 4003 fictum.
1037 3942 1082 4001 ‘ln
1111 3943 1270 4004 verborum
1299 3963 1432 4024 quorun·
1548 3943 1549 3960 ¹

268 4049 335 4110 dam
358 4066 413 4108 usu
437 4045 473 4106 ah
498 4047 655 4106 Homerica
678 4045 796 4106 dicendi
825 4044 1039 4105 consuetudine
1067 4046 1205 4114 recessit,
1234 4045 1324 4106 veluti
1351 4049 1431 4126 quod

269 4150 290 4210 l.
317 4148 343 4218 1,
370 4145 409 4210 12
432 4144 609 4226 ὑπεροπλῖη
638 4147 782 4224 singulari
810 4165 934 4207 numero
964 4145 1053 4215 dixit,
1082 4153 1113 4205 et
1142 4146 1182 4207 ih.
1209 4143 1248 4206 10
1280 4148 1431 4210 πολυκοι-

269 4247 359 4330 ρανίη
384 4269 457 4310 novo
480 4250 606 4330 iltrudem
631 4248 717 4307 modo
746 4249 781 4308 de
805 4251 925 4328 imperii
954 4245 1148 4326 amplitudine
1171 4250 1344 4326 usurpavit,
1374 4268 1431 4310 neo
