3124 4682
800 308 838 371 16

743 397 894 404 .-.—...-—-

238 497 320 559 sibus
343 497 471 558 heroicis
494 497 612 557 condita
636 504 729 557 erant.
775 497 807 557 ln
831 495 878 556 his
900 498 1025 557 fortasse
1048 497 1144 573 magis
1165 515 1253 575 quam
1275 499 1307 560 in
1331 497 1399 557 reli·

238 601 305 678 quis
334 599 458 660 indulsit
492 606 648 678 poetarum
681 599 849 678 aequalium
884 599 981 658 studio
1012 597 1206 676 multiplicem
1235 599 1401 660 doctrinam

237 702 365 780 poeticis
387 701 523 760 artificiis
546 708 678 760 ornatam
701 699 864 759 lectorihus
887 699 1034 760 tradendi.
1080 697 1122 758 lle
1145 699 1327 760 Heraclea
1350 719 1401 760 au-

239 811 309 872 tem,
333 820 369 861 ex
388 820 450 880 uua
473 820 510 861 ne
533 819 610 860 unus
626 800 746 877 quidem
762 819 865 861 versus
888 801 923 861 ad
948 819 1001 860 nos
1016 802 1167 879 pervenit,
1193 801 1268 861 nihil
1291 804 1402 862 scimus

239 906 298 964 nisi
322 921 396 982 quae
420 903 456 963 ad
479 901 504 965 Τ
531 899 606 972 119,
636 901 688 962 ubi
717 910 855 962 narratur
884 921 941 981 qua
969 901 1072 962 lraude
1096 901 1169 962 luno
1192 903 1340 973 ellecerit,
1369 911 1403 962 ut

237 1003 422 1083 Eurystheus
445 1012 512 1064 ante
530 1003 686 1063 Herculem
709 1006 739 1063 in
762 1004 859 1064 lucem
882 1003 1036 1074 ederetur,
1060 1004 1215 1064 scholiasta
1236 1005 1400 1065 adnotavit:

239 1097 318 1167 uride
340 1107 547 1184 cognoscimus
576 1107 721 1165 ‘cantasse
744 1103 893 1166 Rhianum
923 1107 953 1163 in
976 1104 1119 1164 Heraclea
1147 1112 1238 1166 totam
1260 1105 1341 1166 illam
1364 1107 1400 1166 dc

237 1216 307 1270 nato
335 1207 461 1269 Hercule
490 1205 634 1274 sahulam,
669 1225 757 1285 quam
791 1207 895 1285 paucis
926 1205 1026 1266 verbis
1052 1205 1082 1264 io
1109 1205 1200 1266 iliade
1230 1225 1399 1286 expressam

237 1310 380 1387 legimus,
404 1317 467 1368 tum
491 1314 591 1367 notam
614 1305 750 1367 laborum
774 1310 898 1376 seriem,
928 1326 1002 1387 quos
1024 1308 1095 1367 lorti
1119 1309 1217 1367 animo
1240 1327 1402 1388 perpessus

238 1413 275 1472 sit
297 1411 455 1480 Hercules,
485 1416 635 1488 postremo
672 1409 818 1487 quomodo
844 1411 992 1488 'inprimis
1019 1409 1164 1488 Apollinis
1194 1416 1224 1468 et
1251 1410 1400 1470 Minervae

238 1512 407 1592 precibusa
424 1512 470 1571 dis
483 1511 628 1590 Olympiis
643 1511 767 1590 adeptus
779 1513 818 1570 sit
834 1511 1097 1571 immortalitatem'
1111 1508 1285 1586 (v.Saalium
1300 1532 1329 1592 p.
1337 1509 1399 1593 33).

130 1615 133 1622 ’
204 1637 207 1648 ’
238 1613 321 1684 Quod
357 1631 425 1673 vero
458 1612 615 1673 scholiasta
649 1614 680 1672 in
709 1612 830 1672 Homeri
858 1611 1052 1691 explicatione
1075 1611 1183 1672 Rhiani
1212 1616 1402 1692 potissimum

238 1715 412 1775 Heracleam
435 1713 722 1773 commemorandam
751 1712 809 1774 sihi
838 1713 936 1782 duxit,
967 1731 1034 1773 cum
1056 1713 1193 1774 Herculis
1222 1717 1278 1776 vita
1301 1724 1331 1776 et
1352 1737 1402 1778 res

237 1823 337 1894 gestae
361 1816 437 1876 haud
461 1834 530 1876 raro
552 1816 678 1894 apoetis
693 1815 828 1876 versibus
844 1815 1011 1876 celebratae
1034 1823 1148 1885 esseut,
1172 1817 1203 1876 id
1226 1826 1401 1896 argumento

237 1919 355 1978 videtur
388 1936 468 1987 esse,
503 1917 649 1978 Rhianum
678 1916 793 1978 lahulas
828 1916 864 1977 ah
899 1915 1028 1977 Homero
1058 1917 1093 1978 de
1122 1918 1249 1980 Hercule
1277 1921 1402 1982 traditas

237 2028 358 2100 praeter
380 2026 498 2080 ceteros
521 2019 681 2096 diligenter
709 2025 739 2078 et
767 2037 835 2078 cum
863 2019 920 2080 fide
944 2025 1079 2080 secutum
1108 2037 1173 2079 esse
1202 2027 1232 2080 et
1255 2021 1401 2083 elementa

237 2123 286 2182 illa
311 2120 479 2182 adumbrati
503 2123 580 2200 epici
604 2120 759 2190 carminis,
783 2140 859 2200 quac
882 2122 972 2181 variis
994 2121 1069 2180 locis
1083 2120 1184 2181 lliadis
1207 2129 1237 2181 et
1252 2121 1401 2202 Odysseae

237 2223 372 2303 dispersa
395 2230 479 2292 sunt,
509 2225 581 2282 scite
605 2225 806 2302 composuisse
835 2225 978 2302 novisque
1000 2225 1130 2283 inventis
1158 2226 1349 2285 exornavisse
1372 2233 1402 2285 et

236 2327 409 2406 perfecisse.
455 2324 509 2385 Cui
543 2327 586 2384 rei
622 2326 749 2384 maxime
779 2331 1010 2384 consentaneum
1039 2333 1097 2392 est,
1132 2325 1210 2404 quod
1239 2325 1401 2386 Minervam

236 2435 391 2507 patronam
415 2425 552 2486 Herculis
575 2433 605 2484 et
628 2425 806 2500 adiutricem
828 2427 927 2493 linxit,
959 2428 1043 2486 cuius
1066 2445 1121 2505 ope
1145 2430 1176 2486 in
1199 2427 1323 2488 deorum
1347 2447 1401 2488 nu·

238 2548 352 2588 merum
383 2529 494 2587 ascitus
524 2529 578 2596 sit;
608 2526 681 2587 haec
710 2529 790 2587 enim
817 2529 876 2588 iam
905 2528 981 2606 apud
1012 2527 1172 2589 Homerum
1196 2525 1222 2588 Θ
1244 2524 1307 2589 362
1330 2547 1346 2588 a
1370 2549 1401 2589 se

237 2631 310 2692 dicit
343 2647 430 2708 saepe
464 2635 613 2690 servatum
652 2647 717 2690 csse
750 2629 909 2690 Herculem
942 2629 1100 2708 Eurysthei
1133 2629 1286 2690 lahorihus
1319 2630 1400 2689 del·

237 2735 373 2810 tigatum.
556 2720 559 2725 ’

323 2834 465 2894 Graviora
481 2840 549 2892 suot
572 2851 647 2911 quae
663 2831 826 2894 Pausaniae
849 2851 941 2913 opera
956 2833 992 2894 de
1015 2831 1260 2893 Messeniaeis
1282 2836 1400 2912 cognita

236 2935 396 3005 habemus,
426 2953 485 3014 quo
508 2936 640 2994 carmine
670 2934 780 2996 bellum
803 2935 1018 2996 Messeniacum
1042 2935 1205 2996 secundum
1234 2944 1264 2995 et
1291 2953 1340 2995 res
1363 2935 1400 2996 ab

237 3040 424 3100 Aristomene
454 3038 574 3097 lortiter
603 3044 632 3096 et
654 3037 781 3116 gloriose
810 3045 909 3116 gestas
937 3045 1112 3116 persecutus
1141 3043 1194 3096 est.
1238 3035 1280 3096 De
1309 3035 1402 3098 rehus

236 3141 452 3200 Messeniorum
475 3141 565 3200 etiam
588 3139 691 3218 Myron
714 3138 887 3198 Prienensis
909 3156 1009 3198 rerum
1026 3141 1156 3218 scriptor
1178 3138 1309 3218 pedestri
1334 3158 1399 3198 ora·

236 3245 317 3302 tione
341 3241 452 3301 librum
477 3242 618 3310 coniecit,
649 3240 701 3300 sed
731 3239 809 3300 hunc
833 3239 993 3300 Pausanias
1022 3239 1216 3319 reprehendit
1244 3247 1277 3300 ut
1304 3240 1400 3317 indig-

235 3362 322 3413 num,
353 3345 402 3403 eui
430 3361 548 3422 semper
571 3343 643 3402 tides
673 3341 816 3402 habeatur
845 3339 895 3418 (οὐ
918 3339 1165 3422 προορώμενον,
1190 3337 1217 3403 εἰ
1240 3343 1343 3418 ψευδῆ
1366 3360 1401 3404 τε

235 3443 287 3508 καὶ
314 3442 353 3506 οὐ
382 3441 501 3506 πιθανὰ
529 3441 613 3509 δόξει
645 3441 750 3516 λέγειν
773 3443 810 3503 lV
838 3439 873 3513 6,
896 3439 926 3521 4)
960 3450 990 3502 ct
1018 3441 1094 3503 libro
1122 3449 1241 3522 quarto,
1271 3463 1329 3522 quo
1353 3461 1402 3504 res

235 3548 434 3608 Messeniacas
457 3552 577 3614 tractat,
608 3547 637 3604 in
661 3544 859 3605 describendo
889 3544 966 3604 bello
995 3545 1088 3606 altero
1115 3543 1251 3622 neglecto
1279 3545 1400 3623 Myrone

237 3649 272 3710 ad
296 3648 390 3709 solum
414 3645 521 3707 Rhiani
550 3664 670 3706 carmen
698 3647 740 3706 ita
769 3646 1001 3706 accommodavit
1026 3648 1245 3716 narrationem,
1276 3655 1308 3708 ut
1339 3647 1402 3706 lere

237 3749 348 3829 ubique
371 3756 475 3827 poetae
499 3750 576 3828 epici
600 3749 724 3826 vestigia
747 3750 970 3827 conspiciantur
993 3755 1023 3807 et
1045 3747 1114 3807 inde
1141 3751 1233 3808 totius
1259 3751 1403 3808 carminis

236 3851 393 3912 consilium
416 3858 446 3910 et
469 3851 562 3919 ratio,
587 3869 687 3912 rerum
711 3850 868 3929 dispositio
891 3857 921 3909 et
937 3849 1079 3910 decursus
1096 3853 1215 3927 agnosci
1234 3853 1357 3938 possint.
1368 3847 1401 3929 ¹²)

304 4090 346 4155 12)
365 4086 420 4140 Cfr.
439 4083 470 4138 Ο.
489 4083 696 4138 Pfundtneri
715 4083 912 4138 commentatio
926 4083 983 4138 ‘die
999 4081 1096 4136 histor.
1109 4080 1225 4147 Quellen
1238 4083 1287 4136 des
1308 4083 1400 4138 Paua’

235 4171 405 4228 Fleckeiseni
423 4169 514 4230 annal.
532 4171 609 4222 tomo
628 4175 659 4222 99
687 4185 712 4224 a.
734 4173 798 4222 1869
816 4186 844 4238 p.
862 4174 997 4224 tat-454
1020 4167 1138 4234 inserta,
1165 4186 1221 4238 qua
1248 4167 1413 4223 rectissime.

234 4257 401 4326 inpugnavit
418 4256 611 4309 Mansonem
628 4254 783 4308 Pausaniae
795 4252 984 4308 narrationem
999 4270 1013 4306 e
1026 4252 1127 4307 Rhiani
1141 4253 1261 4307 carmine
1275 4269 1402 4306 manasse

1537 287 1550 658 l
