3124 4682
752 306 902 404 ,ἓξ

333 493 360 557 1.
396 499 436 558 Ac
464 497 687 558 tundamentum
716 496 837 575 quidem
865 497 1048 556 recensionis
1076 498 1141 556 eius
1163 495 1413 556 Zenodoteam

245 599 406 670 editionem
429 600 520 659 luisse
542 599 674 678 proclive
697 605 742 657 est
764 599 925 677 suspicari,
950 600 990 682 ita
1014 596 1155 673 quidem,
1179 604 1211 656 ut
1233 596 1269 656 ab
1293 615 1328 656 ea
1351 614 1413 656 non
1459 602 1465 606 “

246 700 415 769 recederet,
444 702 502 760 nisi
531 718 597 760 cum
627 697 783 760 meliorem
805 699 964 759 lectionem
988 706 1039 759 aut
1065 701 1095 758 in
1125 701 1287 758 vetustiore
1310 715 1412 758 exem·

245 802 322 881 plari
344 803 494 862 invenisse
518 808 567 862 aut
589 803 654 880 ipse
670 802 853 878 excogitasse
876 800 934 861 sibi
950 798 1111 860 videretur.
1142 799 1261 860 Etenim
1275 800 1411 877 potuisse

154 975 157 979 .
245 903 391 962 Rhianum
415 902 491 962 hanc
514 902 675 963 editionem
699 909 765 962 aute
789 899 890 962 oculos
911 899 1022 961 habere
1043 917 1153 978 negare
1176 903 1255 978 quis.
1271 898 1413 960 audebit?

246 1003 386 1064 babuisse
420 1022 489 1064 vcro
520 1004 600 1064 illam
633 1011 663 1064 et
694 1005 724 1064 in
759 1021 844 1063 usum
878 1021 963 1063 suurn
995 1005 1193 1072 convertisse,
1228 1021 1262 1062 ex
1297 1001 1413 1062 scholio

246 1104 282 1166 ad
305 1104 333 1167 Υ
355 1102 415 1166 331
439 1113 534 1185 patet:
558 1103 621 1168 καί
643 1123 707 1182 μιν
729 1103 927 1181 φωνήεαε·
949 1101 1037 1180 παρὰ
1059 1101 1235 1185 Ζηνοδότῳ
1258 1102 1320 1166 καί
1348 1122 1412 1180 μιν

246 1205 448 1287 νεικείων,
471 1205 559 1283 παρὰ
581 1205 696 1287 Ῥιανῷ
719 1205 788 1267 τὸν
816 1203 880 1268 καὶ
900 1203 1100 1280 νεικείων,
1128 1205 1181 1265 ubi
1204 1224 1241 1265 ex
1263 1205 1413 1264 Zenodoto

246 1307 378 1387 pendere
409 1308 518 1370 Rhiani
552 1306 790 1368 emendationem
828 1308 978 1366 neminem
1018 1308 1121 1384 lugere
1162 1314 1270 1386 potest.
1315 1305 1412 1384 Atque

216 1397 362 1470 'etiamsi
385 1410 440 1469 boc
461 1410 631 1469 testimonio
653 1426 823 1478 careamus,
852 1425 949 1467 nonne
972 1426 1027 1486 per
1049 1427 1081 1468 se
1109 1410 1171 1467 veri
1194 1407 1292 1468 simile
1316 1413 1413 1466 estet

246 1513 341 1589 ipsius
363 1513 408 1570 rei
424 1517 546 1570 naturae
562 1517 807 1578 consentaneum,
831 1515 987 1588 postquam
1003 1509 1171 1570 Zenodotus
1194 1511 1225 1569 in
1242 1509 1412 1568 Homericis

247 1611 427 1672 carminibus
450 1611 644 1672 emendandis
666 1613 782 1690 primus
804 1612 950 1671 rationem
978 1610 1126 1690 quandam
1156 1618 1185 1670 et
1208 1617 1301 1670 artem
1325 1611 1410 1670 criti·
1468 1671 1470 1674 .

247 1732 310 1774 cam
345 1711 543 1782 adhibuisset,
578 1713 801 1788 grammaticos,
825 1713 877 1790 qui
905 1719 973 1790 post
1007 1731 1075 1772 eum
1108 1714 1140 1772 in
1169 1713 1223 1771 boc
1245 1711 1412 1772 studiorum

247 1833 357 1892 genere
380 1813 584 1882 elaborarent,
613 1812 650 1873 ab
677 1815 716 1873 iis
742 1814 892 1892 proiectos
922 1831 1001 1883 esse,
1031 1831 1106 1892 quae
1134 1815 1193 1873 iam
1222 1813 1411 1873 aZenodoto

247 1919 364 1976 inventa
388 1923 418 1975 et
439 1917 470 1974 in
493 1914 625 1974 medium
648 1913 761 1995 prolata
791 1921 905 1983 essent,
934 1921 963 1974 et
992 1917 1033 1974 ita
1055 1917 1086 1974 in
1114 1921 1198 1975 textu
1225 1913 1411 1974 emendando

246 2037 277 2078 se
300 2018 444 2094 gessisse,
469 2023 500 2075 ut
523 2033 577 2094 pro
599 2016 791 2076 fundamento
807 2034 928 2076 suarum
944 2018 1154 2076 recensionum
1176 2015 1256 2076 illius
1278 2014 1411 2076 editione
1491 2005 1495 2010 ⁵

247 2118 423 2178 uterentur?
446 2117 610 2178 Aristarchi
633 2118 754 2197 quidem
777 2119 964 2178 recensionis
987 2117 1110 2177 fundum
1132 2118 1225 2176 luisse
1240 2117 1412 2195 Aristopha-

247 2239 332 2281 neam
355 2223 380 2280 si
403 2221 502 2280 minus
524 2227 655 2288 certum,
679 2227 708 2279 at
730 2237 873 2299 perquam
896 2219 1051 2298 probabile
1080 2225 1139 2278 est:
1162 2219 1218 2278 cir.
1243 2218 1413 2278 Beceardus

246 2321 264 2382 l.
279 2321 298 2380 l.
314 2341 344 2400 p.
360 2316 402 2380 49
418 2340 447 2380 n.
467 2316 515 2380 12.
540 2319 756 2398 Sengebuscbii
768 2320 855 2380 Hom.
881 2319 950 2380 diss.
974 2320 987 2380 Ι
1002 2340 1032 2399 p.
1048 2316 1100 2380 25.
1132 2319 1189 2380 Sed
1214 2319 1286 2379 baec
1308 2338 1411 2399 quam·

246 2441 334 2500 quam
356 2424 396 2482 ita
425 2439 456 2480 se
478 2421 605 2489 habent,
633 2429 733 2480 tamen
761 2420 837 2480 hanc
860 2423 1038 2482 sententiam
1067 2440 1191 2500 prorsus
1219 2438 1318 2481 veram
1347 2439 1412 2480 esse

246 2521 425 2582 contendere
455 2539 514 2580 non
543 2523 653 2590 ausim,
686 2523 797 2601 quippe
825 2524 873 2581 cui
909 2522 939 2582 id
968 2524 1156 2600 potissimum
1185 2521 1297 2592 obstet,
1332 2523 1412 2601 quod

246 2621 428 2691 Zenodotus,
452 2623 504 2700 qui
527 2624 600 2682 satis
622 2622 762 2682 audacter
790 2625 851 2700 egit
872 2625 904 2683 in
927 2623 1064 2683 versibus
1087 2624 1278 2693 damnandis,
1303 2624 1432 2686 multos-

247 2743 352 2785 versus
374 2727 404 2784 in
427 2724 604 2784 recensione
633 2741 685 2784 sua
709 2727 831 2784 omnino
853 2725 997 2802 neglexit,
1027 2728 1079 2804 qui
1107 2727 1138 2784 in
1161 2725 1294 2785 Rhianea
1317 2726 1412 2786 luisse

246 2827 370 2905 putandi
404 2832 487 2885 sunt:
521 2827 622 2904 itaque
650 2827 744 2887 tutius
779 2829 837 2887 erit
864 2827 939 2887 nihil
967 2827 1093 2906 amplius
1124 2828 1288 2896 affirmare,
1322 2845 1412 2905 quam

247 2927 397 2988 Rhianum
419 2925 499 2986 illius
522 2928 729 2988 recensionem
752 2927 979 2989 celeberrimam
1004 2929 1179 3006 inspexisse.

331 3024 362 3089 2.
393 3028 524 3088 Alteram
547 3027 722 3098 editionem,
746 3049 804 3108 qua
819 3029 967 3091 Rhianum
989 3047 1075 3089 usum
1100 3045 1163 3089 esse
1187 3028 1332 3089 credibile
1356 3036 1411 3100 est,

248 3150 281 3192 ea
304 3132 376 3200 luit,
401 3148 477 3209 quae
498 3129 696 3191 Pisistrati
718 3133 802 3191 iussn
824 3137 926 3210 parata
949 3137 979 3190 et
1001 3132 1127 3190 vetustis
1149 3129 1260 3190 Ionicis
1282 3130 1412 3192 elemen-

248 3234 286 3292 tis
310 3229 339 3309 (ἡ
362 3227 498 3308 ἀρχαῖκὴ
515 3229 653 3309 εημαεία)
677 3234 788 3310 scripta
812 3239 885 3292 erat.
931 3232 1053 3293 Constat
1075 3233 1154 3292 enim
1177 3233 1270 3292 luisse
1293 3250 1357 3291 eam
1380 3234 1412 3293 in

247 3339 391 3411 apparatu
413 3335 533 3401 critico,
557 3335 608 3410 qui
631 3333 781 3392 Zenodoto
804 3341 923 3411 praesto
947 3341 1037 3393 esset.
1069 3333 1210 3392 Proditor
1232 3351 1322 3412 porro
1344 3351 1412 3392 cer·

248 3434 286 3492 tis
308 3431 442 3501 indiciis,
466 3434 589 3493 eandem
613 3436 703 3494 etiam
726 3434 932 3494 Aristarchum
955 3434 1119 3494 admovisse
1141 3435 1177 3494 ad
1200 3453 1283 3494 suam
1306 3452 1413 3494 recen·

247 3535 362 3594 sionem
394 3533 618 3594 instituendam.
674 3534 872 3604 Quamobrem
913 3554 980 3596 cum
1013 3535 1083 3596 inde
1123 3535 1161 3596 ab
1196 3553 1231 3595 eo
1266 3543 1412 3614 tempore,

247 3653 306 3716 quo
334 3635 483 3696 Zenodoto
513 3653 577 3696 eam
607 3635 689 3695 adire
717 3636 818 3707 licuit,
849 3655 942 3716 usque
971 3638 1006 3698 ad
1036 3637 1201 3698 Aristarchi
1230 3645 1355 3697 aetatem
1379 3639 1412 3698 in

247 3736 428 3796 bibliotheca
450 3735 687 3797 Ptolemaeorum
711 3746 804 3808 esset,
827 3738 960 3799 Rhianus
977 3737 1082 3815 quidni
1106 3739 1140 3799 ad
1166 3757 1229 3799 eam
1246 3737 1411 3810 accederet,

247 3839 423 3917 praesertim
446 3856 514 3897 curn
537 3837 574 3898 ob
598 3855 741 3898 summam
764 3846 940 3900 vetustatem
963 3839 999 3900 ad
1023 3846 1119 3902 textus
1134 3839 1286 3900 Homerici
1309 3859 1412 3900 ernen-

247 3939 395 3999 dationem
417 3940 584 4015 gravissimi
601 3943 742 4001 momenti
758 3949 836 4001 esset
859 3947 889 4000 et
911 3939 948 4001 ob
964 3943 1117 4001 raritatem
1134 3943 1198 4001 sine
1214 3940 1305 4000 dubio
1321 3943 1412 4002 etiam

247 4043 345 4102 maius
373 4042 516 4102 excitaret
543 4043 803 4118 grammaticorum
833 4042 1033 4103 desiderium?
1070 4042 1128 4102 Sed
1156 4042 1226 4121 quid
1256 4061 1357 4102 moror
1380 4045 1412 4104 in

250 4143 480 4203 demonstranda
503 4141 728 4223 probabilitate,
753 4162 819 4204 curn
844 4146 1001 4224 perspicua
1024 4151 1140 4203 exstent
1163 4143 1287 4212 indicia,
1312 4146 1409 4223 inspe-

248 4246 326 4304 xisse
354 4243 502 4305 Rhianum
537 4245 660 4308 eandem
696 4245 858 4306 editionem
885 4245 1104 4314 Pisistrateam,
1134 4263 1210 4326 quae
1238 4244 1412 4306 Aristarcho
