3124 4682
665 243 808 340 AE..

143 437 301 498 credibile
324 443 384 505 est,
409 454 477 496 cum
500 435 587 495 etiam
611 434 685 496 alios
705 439 821 494 veteres
843 435 1053 512 grammaticos
1075 439 1106 493 et
1126 435 1317 514 interpretes,

142 540 222 620 quid
248 537 430 599 discriminis
452 539 612 597 interesset
639 538 717 596 inter
740 533 802 612 ἀήρ
825 544 854 596 et
876 533 966 612 αἰθήρ
995 541 1024 595 et
1051 531 1190 611 οὐρανός
1197 581 1207 616 ,
1235 522 1320 596 inve?

141 643 262 720 stigare
286 650 405 701 conatos
428 655 493 699 esse
516 640 660 706 sciamus,
684 638 778 698 donec
801 636 992 710 Aristarchus
1021 636 1156 714 diligenti
1179 635 1317 697 observa·

142 745 234 804 tione
256 743 310 802 has
333 743 523 821 quaestiones
551 739 720 818 expediret,
750 741 837 800 cuius
864 739 1032 800 doctrinam
1060 737 1204 798 Lehrsins
1226 738 1316 798 Arist.

142 865 180 924 p.
207 840 268 904 164
283 863 327 924 sq.
350 842 505 903 enucleate
534 841 710 920 explanavit.
755 840 851 902 Huius
879 842 972 918 igitur
1000 841 1123 918 vestigia
1146 841 1240 902 secuti
1268 859 1317 900 ex·

143 946 344 1028 ordiamura
366 963 437 1004 voce
460 940 569 1019 αἰθήρ,
600 960 676 1022 quae
699 943 773 1004 locis
794 937 836 1002 24
864 942 940 1022 apud
964 941 1126 1002 Homerum
1153 941 1263 1020 legitur
1290 948 1320 1002 et

142 1069 162 1110 a
190 1066 248 1128 qua
271 1043 363 1124 αἴθρη
387 1045 552 1106 derivatum
574 1041 674 1120 κνοω)
720 1047 761 1105 hc
788 1046 946 1124 perspicua
975 1049 1021 1104 est
1047 1043 1208 1123 explicatio
1231 1042 1317 1104 scho-

141 1151 253 1210 liastae
278 1148 381 1208 Veneti
404 1147 439 1207 ad
465 1145 487 1208 Β
509 1142 588 1208 458:
622 1143 697 1208 καθ’
729 1142 875 1221 Ὅμηρον
903 1148 1033 1221 πρῶτος
1056 1139 1122 1208 ἀπὸ
1150 1147 1208 1222 γῆς
1236 1142 1317 1208 ἐςτιν

142 1248 166 1312 ὁ
192 1245 270 1330 ἀήρ,
299 1244 370 1310 εἰτο
391 1245 470 1325 μετὰ
491 1245 531 1310 τὰ
552 1243 636 1323 νέφη
665 1243 772 1325 αἰθήρ,
802 1243 841 1308 ὃν
868 1243 919 1308 καί
946 1243 1125 1324 ὁμωνύμως
1145 1250 1191 1328 τῷ
1214 1265 1316 1324 ςτερε-
1387 1239 1390 1245 ’

141 1350 231 1433 μνίιμ
255 1347 399 1428 οὐρανὸν
423 1348 519 1412 καλεῖ.
565 1346 637 1408 Cum
667 1347 714 1408 his
743 1349 917 1426 conspirant
938 1367 1013 1428 quae
1037 1347 1203 1428 Hesychius
1226 1349 1317 1425 tradit

142 1474 172 1516 s.
197 1473 224 1514 v.
248 1449 354 1529 αἰθήρ·
378 1449 396 1514 ὁ
419 1447 500 1527 ὑπὲρ
522 1448 562 1512 τὰ
584 1447 669 1528 νέφη
691 1445 801 1512 τόπος.
824 1447 970 1526 Αἰθέρος·
993 1446 1090 1528 ἀέρος
1112 1447 1131 1526 ἢ
1153 1452 1212 1512 τοῦ
1234 1447 1315 1527 ὑπὲρ

141 1553 207 1618 τὸν
231 1551 312 1630 ἀέρα
334 1549 431 1616 ὄντος
453 1559 485 1612 et
507 1551 610 1631 Steph.
634 1551 705 1630 Byz.
735 1547 754 1612 ὁ
782 1545 863 1628 ὑπὲρ
891 1551 949 1616 τὸν
977 1549 1056 1628 ἀέρα
1083 1549 1317 1630 πεπυρωμένος

142 1653 258 1718 τόπος.
303 1653 401 1725 Quare
425 1672 501 1734 quac
525 1673 541 1714 a
564 1661 643 1713 terra
672 1655 704 1714 in
733 1653 853 1716 aethera
884 1655 1063 1724 escendunt,
1094 1659 1163 1715 atra
1192 1672 1316 1734 percur-

142 1776 218 1818 rere
242 1757 395 1818 dicnntnr:
426 1751 454 1816 Ξ
476 1749 540 1816 288
567 1753 696 1814 Somnus
718 1755 749 1814 in
773 1752 901 1814 abietem
924 1773 956 1816 se
979 1755 1110 1825 confert,
1140 1753 1159 1830 ἢ
1183 1751 1253 1817 τότ’
1280 1751 1316 1818 έν

141 1859 212 1940 Ἴδῃ
240 1855 421 1935 μακροτάτη
451 1855 596 1934 πεφυυῖα
628 1852 679 1918 δι’
706 1852 823 1932 ἠέρος
850 1853 954 1933 αἰθέρ’
979 1853 1105 1939 ἵκανεν,
1134 1864 1164 1917 et
1190 1857 1316 1917 invicem

142 1956 259 2023 1350
286 1959 418 2020 Minerva
446 1961 476 2018 in
509 1966 622 2018 terram
651 1955 791 2018 devolans
823 1953 968 2034 οὐρανοῦ
995 1955 1032 2020 ἐκ
1059 1955 1240 2020 κατέπαλτο
1269 1954 1323 2020 δι’

143 2059 330 2141 αἰθέρος,
365 2067 452 2140 atque
483 2059 535 2119 uhi
558 2059 706 2120 Homerus
733 2059 847 2139 poetica
875 2061 1001 2139 quadarn
1029 2057 1192 2142 ὑπερβολῇ
1221 2062 1317 2120 utitur

145 2165 184 2224 ad
214 2181 360 2224 summam
389 2160 580 2222 indicandam
616 2160 817 2230 altitudinem,
852 2157 943 2237 αἰθήρ
972 2162 1077 2221 eodem
1107 2163 1194 2222 modo
1222 2164 1316 2240 ponit,

145 2284 206 2344 quo
241 2264 327 2325 latini
361 2271 466 2344 poetae
497 2265 600 2324 sidero
633 2280 745 2341 ponere
774 2262 884 2332 solent,
918 2271 951 2322 ut
974 2261 1058 2324 Ovid.
1084 2267 1164 2347 met.
1196 2262 1247 2323 VH
1274 2259 1315 2323 61

144 2369 261 2428 vertice
287 2367 391 2426 sidero
424 2373 564 2440 tanqam,
593 2363 680 2441 Verg.
716 2364 790 2425 Aen.
818 2363 845 2424 ll
872 2359 936 2425 222
969 2367 1118 2426 clamores
1146 2365 1317 2426 horrendos

143 2471 189 2529 od
210 2469 314 2529 sidero
335 2469 428 2542 tollit,
454 2466 511 2526 alia
538 2465 644 2526 multa:
669 2461 780 2526 0686
808 2467 881 2526 Aiax
910 2464 1066 2544 ςμερδνὸν
1090 2464 1200 2544 βοόων
1223 2485 1314 2528 naves

143 2570 313 2651 percurrit:
336 2567 430 2646 φωνὴ
453 2565 489 2630 δέ
511 2564 541 2628 ol
563 2563 667 2642 αἰθέρ’
693 2563 819 2640 ἵκανεν,
848 2563 954 2629 (207
977 2565 1022 2630 oc
1049 2566 1084 2631 δ’
1111 2563 1165 2631 ὅτε
1193 2565 1316 2631 καπνὸς

144 2671 206 2735 idm
229 2668 261 2735 ἐξ
284 2665 395 2732 ἀςτεος
418 2666 523 2745 αἰθέρ’
544 2665 660 2746 ἱκάνει,
690 2666 765 2728 ibid.
788 2663 853 2728 214
875 2665 921 2730 ὣς
943 2665 1005 2731 ἀπ’
1031 2667 1197 2747 Ἀχιλλῆος
1219 2687 1315 2748 κεφα-

143 2775 206 2849 λῆς
228 2770 321 2834 ςέλας
343 2767 446 2847 αἰθέρ’
466 2767 594 2848 ἵκανεν,
618 2765 721 2832 Τ379
744 2765 789 2830 ὣς
812 2766 875 2832 ἀπ’
896 2767 1064 2847 Ἀχιλλῆος
1087 2769 1199 2834 ςὰκεος
1221 2769 1314 2834 ςέλας

144 2872 252 2951 αἰθέρ’
272 2870 400 2949 ἵκανεν,
424 2871 448 2936 Ν
473 2869 534 2933 837
558 2869 618 2950 ἠχὴ
642 2868 677 2934 δ’
703 2867 898 2949 ἀμφοτέρων
918 2867 1001 2934 ἵκετ’
1028 2867 1139 2949 αἰθέρα
1160 2871 1211 2936 καί
1231 2871 1314 2937 Διὸς

143 2975 259 3058 αὐγάς,
276 2995 294 3038 τ
308 2971 373 3037 540
387 2971 406 3038 ὁ
418 2974 453 3036 δ’
467 2972 500 3036 ἐς
515 2971 626 3051 αἰθέρα
640 2973 713 3037 δῖαν
734 2969 846 3050 ἀέρθη,
876 2971 928 3033 ubi
941 2973 977 3034 de
993 2973 1091 3052 aquila
1112 2977 1220 3052 agitur,
1239 2993 1314 3055 quae

143 3078 245 3140 volatu
267 3077 313 3137 vel
340 3076 437 3137 nubes
460 3078 597 3137 excessit.
643 3075 701 3136 Sed
729 3081 829 3135 tamen
860 3075 1022 3136 discrimen
1053 3075 1214 3138 intercedit
1235 3077 1314 3138 inter

144 3177 286 3256 αἰθέρα
302 3185 332 3239 et
347 3176 538 3256 odoovov:
555 3178 631 3240 hano
647 3177 725 3237 enim
742 3179 983 3256 superiorem,
999 3176 1079 3238 illam
1094 3179 1313 3240 inferiorem

142 3289 263 3363 partem
287 3281 368 3341 illius
390 3279 521 3358 regionis
549 3277 687 3340 caelestis
716 3296 796 3347 esse,
825 3297 900 3358 quae
930 3285 975 3338 est
1002 3278 1078 3340 ultra
1101 3278 1210 3349 nubes,
1239 3279 1313 3342 haec

143 3383 241 3446 habes
263 3383 457 3444 documenta:
481 3379 504 3444 Β
526 3376 589 3442 458
612 3378 656 3443 ὣς
677 3383 743 3443 τῶν
766 3377 952 3457 ἐρχομένων
977 3376 1044 3443 ἀπὸ
1059 3381 1181 3458 χαλκοῦ
1204 3385 1314 3446 θεςπε·

213 3616 258 3685 49)
278 3614 333 3670 Cir.
350 3613 551 3669 Eustathius
571 3617 644 3680 1121,
658 3619 698 3668 39.
711 3613 798 3666 45οτι
816 3614 847 3668 ὲκ
859 3618 910 3682 τῆς
929 3613 1039 3683 αἰθέρος
1055 3619 1167 3682 γενικῆς
1185 3617 1312 3684 γέγονεν,

143 3705 185 3758 ὡς
204 3703 237 3756 ἐκ
245 3705 297 3768 τῆς
309 3701 443 3767 γαςτέρος
460 3699 565 3768 γάςτρη
584 3701 629 3752 καί
644 3699 765 3766 πατέρος
783 3699 885 3768 πάτρη.
904 3697 1044 3755 Vocabuli
1060 3699 1144 3767 αἰθήρ
1161 3700 1236 3755 idem
1254 3706 1313 3769 697,

144 3794 177 3842 13
197 3785 227 3840 et
244 3789 302 3850 982,
322 3791 355 3840 34
374 3783 514 3854 duplicem
530 3782 639 3853 profert
657 3781 885 3852 originationem,
904 3801 968 3840 cnm
985 3785 1067 3854 αἰθήρ
1085 3786 1192 3852 ἢπαρά
1210 3787 1245 3840 τὸ
1263 3787 1312 3840 αἰ-

143 3879 233 3936 θειν,
262 3871 277 3924 ὅ
296 3870 353 3924 ἑςτι
377 3869 465 3923 καίειν
483 3871 529 3924 καί
551 3869 671 3934 λάμπειν
687 3859 705 3935 ἢ
720 3870 801 3936 ,παρὰ
818 3872 853 3924 τὸ
872 3871 915 3925 ἀεὶ
932 3871 1025 3925 θέειν
1043 3869 1235 3926 deducendum
1253 3888 1312 3926 esse

143 3955 230 4011 dieat.
266 3951 346 4018 Quod
363 3951 486 4008 hausisse
504 3952 615 4007 videtur
633 3969 668 4007 ex
685 3951 889 4021 Aristotele,
912 3953 961 4022 qni
984 3955 1018 4008 de
1041 3954 1118 4009 eaelo
1136 3954 1149 4006 Ι
1167 3961 1182 4008 3
1200 3956 1310 4010 Annxa-

143 4055 246 4110 gornm
268 4037 336 4092 dicit
358 4037 440 4105 αἰθήρ
469 4037 505 4091 ab
528 4038 653 4092 αἰθεςθαι
680 4037 818 4092 derivasse
845 4039 874 4092 et
895 4039 954 4108 ipso
981 4039 1107 4105 sequitur
1133 4037 1310 4092 Platonem

144 4121 250 4190 Cratyl,
268 4128 318 4176 410
330 4121 366 4176 B:
385 4123 438 4175 τὸν
451 4160 458 4176 .
472 4161 478 4174 .
491 4121 561 4188 ἀέρα
574 4163 580 4175 .
595 4163 601 4175 .
614 4125 658 4176 ὅτι
676 4123 730 4176 det
753 4127 805 4178 θεῖ
832 4124 896 4190 περὶ
919 4125 971 4175 τὸν
993 4123 1062 4188 ἀέρα
1084 4123 1175 4188 ῥέων,
1198 4123 1310 4189 ἀειθεῆρ

144 4207 260 4263 δικαίως
279 4207 313 4260 ἂν
326 4208 450 4264 καλοῖτο.
486 4203 637 4260 Praeterea
655 4207 703 4260 cfr.
722 4205 754 4260 G.
774 4204 883 4261 Curtius
901 4206 984 4276 etym.
1003 4223 1045 4274 gr.
1063 4223 1090 4278 p.
1103 4209 1153 4260 226
1171 4223 1197 4260 n.
1210 4211 1268 4264 302.
