3124 4682
659 285 811 386 ,αι-

144 483 284 544 scholion
313 480 421 542 mendo
454 481 640 560 inquinatum
669 480 722 547 sit,
753 495 820 538 vera
844 478 910 538 eius
938 475 1028 537 lectio
1056 482 1139 536 certo
1167 476 1318 554 explorari

145 588 266 666 nequit.
311 583 387 643 Sunt
409 590 508 643 autem
531 581 605 642 haec
627 580 751 642 tradita:
1097 660 1101 671 Ι

277 682 353 749 τού(
382 681 549 764 (Φοίνικας)
583 679 620 760 μ’
653 679 802 744 ἐκέλευεα
827 678 980 744 Πύλονδε
1013 680 1198 756 καταετῆεαι
1224 678 1276 743 καὶ

909 779 1038 860 ἐφέεεαι

275 888 295 965 ἢ
319 885 363 951 εἰ(
382 885 499 949 Ἤλιδα
521 884 608 953 δῖαν,
633 880 683 946 ὅθι
704 881 890 962 κρατέουειν
912 880 1041 945 Ἐπειοί.

144 991 191 1053 Ad
207 991 280 1050 haec
296 989 467 1050 adnotatum
489 995 535 1048 est
549 985 697 1047 scholion:
713 983 733 1061 ἡ
759 983 889 1048 Ῥιανοῦ
910 981 1149 1062 ἀποφάεεαι,
1173 983 1317 1066 ἀποπέμ·

144 1111 218 1171 ψαι.
242 1091 282 1162 Η,
312 1100 344 1152 ut
366 1109 423 1152 nec
451 1089 530 1150 unde
559 1086 722 1148 descendat
744 1087 800 1148 hoc
829 1085 997 1147 inauditum
1026 1085 1149 1148 Rhiani.
1164 1089 1315 1148 inventum

144 1214 204 1256 neo
227 1195 314 1254 cuius
337 1191 421 1252 verbi
445 1193 476 1250 in
499 1191 596 1250 locum
620 1188 860 1250 substituendum
883 1190 923 1250 sit
944 1189 1084 1248 sciamus.
1128 1186 1220 1250 Felici
1245 1209 1317 1252 casu

143 1298 259 1358 lactum
282 1302 341 1364 est,
365 1301 398 1354 ut
420 1295 719 1370 interpretamentum
742 1287 935 1367 ἀποπέμψαι
957 1309 973 1350 a
995 1289 1121 1369 Didymo
1144 1291 1315 1354 adiunctum
1364 1363 1374 1372 ‚

143 1417 207 1459 non
231 1396 441 1458 intercideret:
464 1394 544 1455 unde
566 1395 664 1472 primo
687 1391 792 1452 obtutu
814 1390 945 1470 proclive
973 1399 1019 1452 est
1040 1389 1187 1470 suspicari
1217 1390 1314 1456 ἀπο-

143 1497 285 1564 νάεεαι
317 1515 372 1578 pro
405 1495 590 1571 καταετῆεαι
624 1493 843 1572 reponendum,
878 1493 957 1573 quod
989 1500 1019 1554 et
1051 1493 1213 1556 satisfaciat
1245 1494 1314 1556 huic

142 1602 319 1663 dimittendi
349 1599 463 1659 notioni
495 1595 558 1676 (cir.
583 1593 616 1658 Π
637 1591 678 1656 86
712 1602 742 1656 et
774 1614 864 1656 sensu
893 1594 1012 1655 mediali
1036 1593 1059 1657 Β
1081 1591 1143 1656 629
1171 1592 1208 1659 dc
1234 1615 1315 1660 ποτε

143 1698 361 1778 Δουλίχιόνδ’
384 1696 600 1777 tuendorum,
625 1693 723 1758 0254
745 1693 782 1758 dc
804 1693 837 1774 ῥ’
859 1695 1087 1774 Ὑπερηιίηνδ’
1101 1693 1312 1776 ἀπενὰιεατο)

143 1813 176 1864 et
199 1825 215 1864 a
237 1804 406 1864 litterarum
429 1800 569 1862 ductibus
595 1798 680 1859 verbi
703 1794 887 1876 ἀποφύααι
915 1802 1005 1869 unius
1032 1799 1181 1859 litterulae
1209 1799 1314 1861 discri-

141 1908 227 1966 mine
250 1905 376 1965 dillerat.
421 1903 459 1964 At
480 1901 537 1962 hoc
564 1907 689 1981 propter
717 1906 845 1962 metrum
874 1901 938 1960 lieri
961 1919 1021 1961 non
1043 1917 1130 1978 posse
1153 1901 1251 1963 elucet
1275 1937 1311 1948 -

142 2009 206 2068 nisi
229 2025 300 2066 vero
322 2025 341 2068 ν
363 2005 492 2065 litteram
521 2003 764 2082 pronuntiatione
792 2001 936 2080 geminari
965 2001 1100 2062 volumus
1120 2033 1163 2046 -
1185 2022 1313 2084 cumque

141 2107 218 2189 quid
241 2107 398 2168 offensioni
421 2105 536 2166 Rhiano
558 2105 666 2174 luerit,
696 2103 790 2164 altero
813 2102 926 2163 scholio
947 2103 1026 2164 haud
1049 2103 1176 2164 obscure
1198 2106 1313 2165 indice-

140 2219 208 2272 tur:
236 2207 388 2272 Πύλονδε
416 2207 619 2283 καταετῆεαι·
648 2202 885 2281 ἀντέιτραπται.
913 2202 1088 2284 ἐπιβιβάεαι
1114 2203 1176 2282 γὰρ
1199 2209 1236 2288 τῇ
1259 2205 1313 2285 νηῒ

140 2310 195 2376 καὶ
217 2311 401 2387 καταετῆεαι
423 2308 442 2386 ἢ
465 2305 509 2371 eie
531 2306 645 2371 Πύλον
668 2306 688 2383 ἢ
711 2305 755 2370 εἰι
775 2305 891 2369 Ἤλιδα
906 2307 995 2386 δῖαν,
1019 2306 1140 2368 dubium
1164 2326 1229 2369 esse
1252 2327 1311 2370 non

138 2421 258 2494 potest,
286 2415 358 2492 quin
389 2410 510 2472 verbum
540 2407 668 2488 ἐφέεεαι
699 2407 854 2470 allhiano
883 2415 1027 2470 mutatum
1056 2409 1103 2469 sit.
1147 2409 1210 2469 Ηοο
1232 2411 1311 2471 enim

93 2515 98 2524 '
140 2514 426 2592 verbumsignilioat
446 2507 673 2598 ἐπιβιβάεαιτῇ
696 2508 748 2586 νηῖ
775 2511 851 2579 sive,
879 2511 968 2570 utin
998 2509 1062 2572 cod.
1085 2511 1109 2569 V
1137 2511 1310 2590 explicatur,

137 2615 264 2694 iopdcut
287 2612 330 2678 εἰ(
352 2614 409 2692 τὴν
431 2615 513 2676 ναῦν
537 2611 614 2692 (vide
638 2613 727 2672 etiam
750 2612 908 2674 lectionem
929 2609 952 2672 4
972 2633 1001 2692 p.
1024 2607 1094 2692 36);
1123 2631 1190 2674 cum
1213 2620 1311 2675 autem

138 2737 245 2780 rerum
277 2717 349 2778 ordo
383 2715 526 2796 postulet,
560 2721 594 2774 ut
621 2713 785 2774 Phoenices
818 2715 847 2774 in
876 2733 980 2776 narem
1010 2714 1121 2776 Vlixem
1156 2715 1310 2793 inponant,

139 2823 317 2902 priusquam
346 2819 449 2898 Pylum
478 2817 640 2885 deducant,
676 2816 835 2893 fugiendae
863 2816 951 2876 huius
978 2816 1193 2896 discrepantiae
1222 2834 1311 2879 causa

139 2923 274 2983 Rhianus
301 2919 472 2981 dimittendi
497 2915 622 2979 verbum
651 2915 811 2976 substituit.
856 2917 898 2978 dc
925 2917 1124 2978 Buttmannus
1157 2920 1310 2980 verissime

137 3023 283 3084 indicavit
305 3022 362 3081 hoc
391 3019 465 3080 nihil
495 3017 573 3078 aliud
597 3037 662 3079 esse
686 3035 773 3097 posse
801 3019 862 3078 nisi
892 3015 1099 3098 noscare),
1128 3020 1208 3099 quod
1236 3021 1309 3082 scite

137 3123 300 3187 admodum
324 3129 354 3182 et
375 3122 527 3200 ingeniose
550 3119 661 3180 invenit
683 3119 829 3188 Rhianus,
853 3137 920 3178 cum
943 3119 980 3179 ad
1002 3119 1168 3180 litterarum
1190 3140 1309 3202 quoque

136 3228 272 3308 speciem
306 3223 488 3285 simillimum
522 3223 561 3282 sit
594 3219 688 3281 verbo
720 3218 861 3299 ἐφέεεαιτ
896 3222 1019 3281 vetustis
1046 3221 1125 3282 euim
1154 3219 1309 3284 elementis

134 3329 250 3390 loniois
282 3325 339 3385 hoc
367 3322 515 3404 ΕΦΕΕΑΙ,
548 3321 621 3383 illud
647 3319 783 3384 ΑΦΕΕΑΙ
812 3328 963 3382 exaratum
993 3330 1066 3383 erat.
1111 3322 1308 3387 Nihilominus

135 3447 229 3492 nemo
261 3427 348 3488 hodie
383 3425 459 3486 hanc
487 3427 707 3494 coniecturam,
741 3431 840 3485 natam
867 3423 947 3484 illam
978 3424 1015 3486 ab
1044 3443 1115 3486 usus
1142 3427 1308 3507 pervulgati
1338 3441 1351 3468 ⁸

132 3579 343 3593 ,-.----ι-

206 3681 251 3745 48)
269 3675 420 3730 Adnotavit
436 3675 621 3729 Buttmannus
638 3673 667 3728 in
684 3673 770 3733 schol.
783 3673 917 3729 editione:
936 3675 1120 3741 ‘cooptetur
1142 3693 1198 3731 non
1213 3679 1308 3748 potest

134 3763 207 3834 quin
225 3777 275 3830 pro
296 3762 408 3829 ἐφέιεαι
425 3759 549 3814 Rhianus
572 3758 691 3814 voluerit
713 3760 829 3827 ἀφήεαις
853 3775 924 3828 quae
946 3777 1002 3814 non
1024 3761 1100 3815 mala
1120 3762 1194 3816 foret
1214 3762 1306 3831 lectio,

132 3847 212 3903 unde
229 3848 326 3900 tamen
344 3845 484 3912 quomodo
502 3845 599 3898 natum
618 3843 655 3898 sit
672 3844 747 3897 istud
769 3843 940 3912 dnopdctur,
964 3843 1094 3914 equidem
1119 3862 1176 3899 non
1194 3846 1305 3902 dicam)

58 3955 62 3963 ·
132 3932 193 3988 Sed
210 3945 303 3984 nonne
320 3930 374 3984 hoc
392 3930 459 3983 setis
487 3928 642 3998 explicatur
663 3927 772 3983 librarii
789 3926 933 3982 oscitantis
955 3927 1148 3998 neglegentia,
1171 3931 1219 4000 qui
1242 3948 1305 3986 cum

131 4018 286 4083 insequens
311 4013 479 4068 vocabulum
505 4013 672 4080 ἀποπέμψαι
704 4030 766 4067 cum
797 4013 854 4067 ἀπό
884 4012 1093 4084 praepositione
1121 4014 1304 4083 compositum

133 4101 225 4165 esset,
243 4097 300 4153 iam
316 4097 405 4168 priori
422 4097 508 4152 verbo
527 4114 589 4152 eam
607 4097 733 4152 addidit?
767 4097 897 4152 Ceterum
914 4097 1012 4162 miror,
1032 4098 1107 4163 quod
1124 4097 1165 4152 La
1182 4098 1304 4152 Rochius

131 4185 166 4238 in
185 4183 252 4237 edit.
272 4183 323 4236 Od.
342 4183 378 4237 ad
395 4182 469 4236 hunc
485 4182 578 4236 locum
600 4183 737 4249 dpetcot
766 4181 928 4237 dubitanter
950 4179 1090 4250 ascripsit,
1113 4198 1178 4236 nam
1200 4181 1246 4237 hic
1262 4181 1302 4236 in·

131 4266 259 4323 finitivus
276 4266 365 4334 nullo,
384 4266 460 4335 quod
477 4265 576 4334 sciam,
594 4265 655 4321 loco
674 4266 749 4336 apud
766 4266 918 4322 Homerum
935 4263 1083 4320 invenitur.
