3124 4682
713 311 756 374 25

237 503 300 562 Huc
323 503 455 580 pertinet
478 501 607 562 Wollii
636 503 806 563 coniectura
829 501 989 581 quaedam,
1018 522 1094 582 quae
1117 523 1176 564 non
1199 505 1317 566 silentio

148 603 434 684 praetermittenda,
458 603 511 664 5311
534 605 638 681 paucis
660 603 761 663 verbis
783 603 946 664 refellenda
975 611 1029 664 ost.
1074 604 1130 675 Qui
1153 625 1219 666 cum
1248 625 1316 686 pro·

148 707 207 782 leg.
230 725 259 783 p.
286 700 346 764 188
370 704 463 764 dieat:
493 705 542 763 ‘ne
573 712 687 764 tantum
709 705 829 783 quidem
853 705 1002 781 reliquum
1019 706 1163 768 habemus
1185 727 1221 768 ex
1237 709 1317 769 Arati

149 807 283 866 editione
307 805 471 884 Odysseae,
495 807 543 865 cui
567 812 600 865 ut
615 805 706 866 iliada
728 805 866 876 adderet,
891 805 1122 884 apinrimorum
1139 810 1317 889 corruptelis

148 907 322 975 liberatam,
346 909 486 966 invitatus
509 907 601 966 luisse
625 905 735 967 dieitur
757 927 772 967 a
795 925 867 986 rege
882 907 1003 986 Syriae,
1029 908 1175 971 Antiocho
1199 909 1315 971 Sotere.

148 1007 233 1078 Quod
258 1027 326 1068 cum
343 1009 453 1068 exitum
470 1026 528 1067 non
545 1007 714 1077 habuisset,
738 1009 857 1068 sibene
878 1010 1069 1078 coniioimus,
1101 1028 1167 1072 eam
1196 1030 1317 1090 operam

150 1111 322 1188 suscepisse
342 1108 458 1169 videtur
471 1108 616 1170 Rhianus'
630 1115 696 1179 cet,
716 1111 787 1170 satis
803 1117 905 1190 aperte
922 1110 1035 1171 indicat
1048 1111 1161 1172 idcireo
1169 1112 1317 1174 Rhianum

150 1210 188 1272 ad
204 1209 305 1271 iliadis
322 1211 483 1270 editionem
500 1229 671 1288 aggressum
688 1229 762 1280 esse,
786 1214 855 1291 quia
871 1211 997 1272 oonsilio
1013 1216 1094 1273 Arati
1111 1220 1250 1294 tanquam
1265 1215 1316 1275 he-

148 1313 279 1372 reditate
294 1318 432 1390 suscepto
456 1329 504 1380 ea,
528 1331 603 1391 quae
626 1317 651 1373 is
674 1315 819 1374 incertum
842 1331 899 1392 qua
922 1312 958 1374 de
981 1331 1067 1374 331153
1090 1317 1234 1394 perlicere
1257 1333 1317 1376 non

149 1416 308 1493 potuisset,
325 1412 461 1473 adfinem
476 1420 554 1474 esset
569 1413 777 1493 perducturus.
802 1413 860 1474 Sed
871 1415 944 1474 haec
960 1417 1129 1476 coniectura
1146 1435 1242 1496 neque
1257 1417 1317 1476 uilo

150 1517 317 1576 sustinetur
346 1513 459 1574 indicio
488 1521 518 1574 et
540 1517 664 1575 reicitur
687 1534 736 1585 eo,
766 1515 844 1595 quod
868 1533 927 1575 non
956 1516 1056 1577 iliadis
1083 1517 1187 1588 modo,
1215 1537 1316 1579 verum

150 1619 242 1676 etiam
267 1614 416 1694 Odysseae
439 1615 586 1676 aRhiano
609 1634 682 1676 nova
706 1616 797 1676 editio
821 1624 922 1677 curata
940 1625 999 1687 est,
1023 1637 1079 1698 qua
1096 1621 1231 1696 proiecto
1254 1639 1316 1680 om-

150 1721 224 1778 nino
248 1735 324 1796 opus
346 1735 407 1776 nou
429 1719 551 1786 luisset,
582 1721 607 1777 si
630 1719 705 1778 nihii
734 1717 783 1778 iilo
813 1718 891 1779 aliud
915 1721 1040 1797 egisset,
1070 1739 1158 1799 quam
1187 1729 1219 1781 ut
1241 1740 1317 1801 quae

149 1823 259 1880 Aratus
282 1818 417 1878 incohata
451 1819 613 1897 reliquerat
640 1821 807 1898 perliceret.
853 1819 956 1899 Neque
983 1839 1055 1880 vero
1085 1820 1139 1882 alia
1170 1821 1206 1882 de
1230 1841 1316 1884 causa

150 1921 290 1981 Wolsmm
313 1921 344 1979 in
367 1919 443 1980 hanc
466 1921 668 1980 coniecturam
692 1919 834 1980 incidisse
856 1927 943 2000 puto,
967 1923 1025 1982 nisi
1047 1922 1125 2002 quod
1142 1924 1263 1984 scholiis
1285 1927 1317 1984 13

150 2022 314 2100 0111553331
344 2039 377 2080 33
406 2028 502 2081 331313
531 2040 592 2081 333
625 2024 683 2081 1331
716 2024 748 2081 13
776 2022 873 2081 133313
907 2021 995 2081 editis
1028 2024 1119 2084 solam
1149 2025 1272 2085 iliadem
1301 2046 1316 2086 a

149 2123 267 2182 Rhiano
291 2123 326 2181 ad
350 2124 497 2182 rationem
520 2125 655 2182 criticam
680 2129 846 2182 revocatam
870 2141 936 2183 esse
958 2125 1141 2202 opinaretur.
1178 2127 1316 2187 Ceterum

149 2223 254 2284 eadem
284 2225 385 2302 opinio
420 2225 516 2284 tenuit
549 2226 639 2284 etiam
668 2223 856 2284 Siebelisium
886 2243 914 2302 p.
939 2221 968 2284 9.
999 2222 1052 2294 10,
1084 2245 1263 2306 quamquam
1291 2230 1317 2288 is

149 2325 273 2405 quidem
296 2323 478 2384 scholiorum
500 2326 530 2384 in
547 2324 707 2404 Odysseam
731 2324 892 2386 editionem
914 2326 1174 2388 Buttmannianam
1199 2331 1317 2390 novisse

148 2429 210 2488 iam
235 2434 362 2504 poterat.

236 2526 383 2597 Quamdiu
426 2529 561 2588 recensio
598 2528 729 2588 llhianea
767 2532 1032 2606 grammaticorum
1073 2532 1210 2592 manibus
1246 2534 1317 2592 trita

149 2631 260 2698 133111,
297 2631 352 2690 3151
386 2631 520 2690 33313115
548 2629 665 2690 deliniri
700 2631 817 2709 nequit,
851 2639 949 2692 tamen
983 2633 1139 2694 scholiasta
1176 2634 1250 2694 duce
1285 2633 1314 2692 id

149 2739 233 2790 certe
261 2731 403 2809 temporis
430 2732 557 2810 spatium
591 2730 750 2808 designare
779 2751 950 2812 possumus,
985 2751 1043 2812 quo
1076 2737 1135 2794 iam
1164 2737 1317 2794 interiisse

151 2851 215 2892 eam
251 2840 435 2911 compertum
469 2831 638 2910 habeamus.
689 2833 763 2893 Nam
801 2853 867 2894 cum
902 2854 938 2894 ex
972 2842 1139 2895 ceterorum
1170 2835 1316 2897 librorum

151 2937 218 2994 eius
233 2936 353 3010 generis
369 2941 448 2994 sorte
463 2936 526 2993 veri
543 2934 640 2994 51111113
656 2931 755 3014 51119),
780 2953 843 2996 3331
860 2935 942 2996 brevi
960 2944 1093 3014 tempore
1116 2936 1316 2998 oblitteratam

152 3038 278 3114 eiusque
302 3038 476 3095 memoriam
499 3037 557 3095 nisi
581 3038 804 3096 commentariis
819 3037 983 3096 Aristarchi
1007 3044 1037 3096 et
1058 3034 1316 3098 Aristarcheorum

151 3137 187 3196 ad
212 3143 347 3214 posteros
369 3155 428 3196 non
451 3145 645 3215 propagatam
668 3156 747 3206 esse,
772 3146 833 3198 tum
857 3156 927 3196 vero
943 3137 1083 3216 ilidymo,
1107 3140 1157 3216 qui
1181 3137 1236 3198 suh
1258 3141 1316 3199 Au-

149 3245 238 3316 gusto
262 3240 443 3316 imperatore
476 3239 552 3308 luit,
583 3257 641 3297 non
664 3237 785 3298 licuisse
809 3257 874 3299 eam
897 3241 1061 3318 inspicere,
1085 3257 1144 3298 non
1168 3241 1232 3298 5133
1247 3257 1317 3318 pro·

152 3407 351 3415 ώ-

151 3590 217 3643 3313
236 3589 330 3642 333135
347 3589 478 3642 habuisse
496 3589 645 3656 Didymum
668 3591 717 3643 aut
735 3589 921 3643 Aristonicum
940 3590 1144 3644 demonstravit
1160 3591 1318 3646 Beccardus

150 3675 168 3728 1.
187 3675 204 3727 1.
222 3692 249 3742 p.
269 3680 314 3740 52,
332 3673 460 3740 idemque
480 3673 555 3727 cadit
572 3689 628 3726 non
645 3674 728 3727 modo
751 3672 780 3726 in
799 3673 1006 3742 Aristophanis,
1035 3675 1083 3728 sed
1108 3675 1194 3728 etiam
1212 3675 1241 3728 in
1261 3693 1318 3730 om-

150 3759 228 3812 nium
251 3759 498 3826 grammaticorum
521 3757 669 3824 editiones,
694 3757 742 3826 qui
765 3759 830 3812 ante
849 3758 1040 3813 Aristarchum
1058 3759 1179 3813 Ho'mero
1203 3776 1319 3828 operam

151 3843 300 3906 dederunt,
319 3859 385 3898 nam
402 3841 581 3896 Aristarchus
600 3841 670 3896 adeo
687 3843 787 3896 horum
810 3834 934 3896 omnium
951 3843 1070 3912 gloriam
1094 3843 1264 3909 obscuravit,
1287 3845 1319 3897 ut

150 3926 216 3980 libri
239 3942 335 3980 eorum
357 3927 438 3980 brevi
460 3929 587 3996 tempore
614 3943 648 3981 ex
671 3945 722 3980 usn
746 3928 774 3980 et
795 3927 924 3982 manibus
945 3927 1088 3982 hominum
1113 3929 1318 3982 evanescerent

152 4011 207 4064 Gfr.
227 4009 312 4064 etiam
331 4029 378 4078 pp.
390 4016 430 4064 53.
444 4015 477 4064 54
489 4028 557 4078 sqq,
575 4011 624 4064 uhi
641 4011 949 4080 Beceardusapiissime
968 4012 1141 4077 observavit,
1159 4011 1188 4064 in
1198 4011 1317 4077 scholiis,

151 4094 202 4148 ubi
223 4094 378 4148 dehorum
402 4095 568 4150 lectionibus
590 4096 761 4162 traderetur,
787 4096 952 4165 plerumque
980 4101 1028 4151 aut
1050 4095 1245 4164 imperfectum
1269 4097 1319 4148 aut

151 4179 468 4248 plusquamperfectum,
487 4183 584 4238 contra
601 4197 733 4250 praesens
750 4181 861 4250 tempus
877 4181 998 4250 positum
1016 4195 1087 4245 esse,
1105 4177 1152 4231 ubi
1165 4177 1319 4234 Aristarchi

151 4262 286 4318 lectiones
303 4266 535 4333 proponerentur.
571 4265 625 4321 Cir.
644 4271 687 4321 La
704 4264 824 4320 Rochius
842 4266 858 4322 1.
877 4265 894 4318 1.
911 4283 938 4336 p.
958 4269 998 4319 50.
